2618 4934
612 363 672 428 10⁰

513 590 545 605 -
571 592 606 606 ·-
639 564 814 631 ἀραυλοῦυτα
834 568 882 621 δαΐ
900 568 1007 640 σφόδρα

292 655 318 708 Τ
316 658 349 724 ἢν
367 662 467 726 χεῖρα,
486 656 605 720 πέμπειν
630 655 776 726 εὐρύθμως
792 658 840 709 τὸν
860 659 1011 725 κότταβον.

169 808 244 854 uam
268 783 402 851 advertit
424 785 459 850 in
481 786 520 850 iis
540 786 648 850 nascio
675 784 751 873 qnid
766 808 969 851 numerosum
984 802 1017 853 et
1033 786 1133 854 dictio

167 895 367 983 exquisitior,
391 910 423 959 et
439 895 536 958 utitur
550 895 730 958 Athenaeus
744 893 782 956 iis
796 892 916 975 verbis,
940 911 977 959 ut
992 892 1133 962 rideatur

166 1005 275 1070 dicere
292 1004 519 1070 Dicaearchum
534 1005 636 1092 ipsum
653 1002 793 1067 Platonis
808 1002 915 1067 locum
931 1002 1132 1074 adhibuisset

169 1115 255 1203 quod
270 1116 303 1179 in
321 1138 392 1180 eum
409 1115 529 1203 optime
544 1113 709 1195 convenit,
724 1136 821 1201 quum
836 1128 945 1177 notum
961 1114 1017 1196 sit,
1039 1139 1135 1204 quam

166 1225 313 1290 lubenter
327 1224 530 1289 Comicorum
547 1223 733 1288 testimoniis
747 1239 863 1288 utatur.
902 1221 977 1303 Quo'
986 1247 1137 1293 successu

166 1334 318 1400 Hercules
333 1332 456 1417 luserit,
480 1349 512 1398 et
527 1356 585 1422 per
601 1356 635 1399 se
649 1334 722 1398 satis
738 1332 938 1422 intelligitur,
960 1349 992 1398 et
1009 1331 1137 1402 duobus

166 1442 289 1509 fabulae
305 1442 401 1527 locis,
417 1466 496 1532 quae
513 1442 553 1508 nd
569 1441 700 1509 eandem
716 1466 784 1508 rem
800 1440 953 1509 trahenda
969 1443 1136 1532 videntur,

165 1574 315 1641 apparere
335 1568 449 1640 potest.
488 1553 604 1618 Athen.
620 1553 677 1618 xl.
698 1575 771 1642 pag.
790 1552 866 1639 478.
881 1553 919 1617 E.
944 1555 1137 1647 Hldtmrdn
1164 1608 1167 1613 -

163 1667 217 1731 An
242 1664 430 1750 Κακουμένῳ
457 1667 523 1731 τὸυ
552 1663 718 1731 κότυλον
748 1664 855 1749 φέρει
883 1665 984 1748 φησίν.
1017 1688 1135 1759 nempe

165 1772 313 1839 dicuntur
332 1775 411 1842 haec
435 1773 476 1839 de
498 1774 619 1865 puella,
648 1774 699 1839 cui
724 1774 861 1860 primum
886 1776 1016 1864 pignus,
1046 1776 1134 1861 quod

66 1945 70 1951 ,
163 1900 312 1970 posucrat
325 1882 492 1962 Hercules,
509 1878 586 1966 (vid.
602 1901 645 1942 vs.
651 1900 683 1962 9.
697 1880 866 1966 fragmenti
881 1884 1099 1969 praecedentis
1108 1887 1136 1979 ,)

165 1989 287 2052 victrici
314 2002 458 2051 cesserat.
504 1985 616 2073 Neque
632 1985 666 2047 in
688 1984 816 2070 reliquis
830 1986 1006 2054 feliciorem
1024 1996 1143 2085 fuisse,

166 2095 313 2162 coniicias
330 2117 368 2158 ex
387 2092 495 2156 Schol.
511 2091 639 2156 Luciani
663 2090 704 2155 ad
720 2092 793 2159 libr.
809 2093 859 2157 De
874 2117 967 2161 merc.
984 2105 1137 2175 conduct,

162 2212 249 2287 sor.
275 2203 312 2268 T.
328 2204 355 2267 Ι.
379 2223 452 2292 pag.
469 2201 545 2296 677.
563 2201 686 2267 Hemst.
706 2205 757 2271 ἐπὶ
777 2206 1026 2294 Μανδροβούλου
1044 2227 1143 2301 χωρεῖ

162 2319 197 2381 τὸ
214 2313 349 2402 πρᾶγμα]
373 2315 518 2397 παροιμία
538 2317 615 2379 κατὰ
634 2316 698 2381 τῶν
714 2317 764 2381 ἐπὶ
780 2319 814 2380 τὸ
828 2324 925 2402 χοῖρον
945 2329 1140 2403 προκοπιόμ

161 2450 222 2493 ταν
235 2426 292 2490 αἐί.
308 2457 349 2475 -·
365 2420 495 2488 Addunt
510 2420 615 2487 Codd.
630 2421 787 2491 Marcion.
804 2441 836 2489 et
851 2427 983 2493 Barocc.
997 2434 1135 2520 Μέμνη-
1154 2458 1163 2464 ·

163 2564 215 2604 ται
235 2536 368 2603 numu
388 2539 406 2600 ό
424 2538 564 2626 Καρανὸς
584 2538 618 2604 ἐν
637 2539 691 2602 Διὶ
712 2537 911 2622 Κακουμένῳ.
931 2562 1004 2604 nam
1025 2547 1135 2630 potuit
1156 2523 1160 2538 Ι

161 2648 196 2713 in
211 2668 277 2710 sese
291 2644 369 2711 illud
383 2645 589 2733 proverbium
608 2645 732 2734 egregie
748 2647 991 2714 accommodare
1008 2651 1131 2722 Hercu·

143 2758 145 2762 ⁴
162 2756 223 2837 les,
241 2777 336 2842 quum
350 2753 495 2842 imperite
509 2751 619 2816 ludens
635 2755 781 2821 omnibus
797 2755 944 2846 deinceps
958 2761 1020 2824 suis
1036 2785 1130 2831 exuc-

165 2881 271 2948 retur‚
294 2865 456 2952 factusque
471 2862 628 2928 continuis
645 2862 766 2930 damnis
781 2867 941 2939 incitatior
955 2869 1129 2941 identidem

165 2999 221 3065 spe
248 2992 280 3041 et
302 2988 418 3040 conatu
440 2972 560 3061 turpius
581 2974 749 3049 excideret.
799 2976 939 3042 Tandem
959 2960 1128 3069 spoliatum
1163 3006 1166 3015 ·

168 3085 234 3149 lere
254 3082 420 3162 omnibus,
441 3080 615 3146 cruciatum
638 3082 741 3165 fame,
768 3085 903 3151 eiecttun
921 3086 1005 3152 foras
1029 3093 1130 3181 suspi-

167 3195 233 3259 cari
263 3193 339 3256 licet
369 3212 387 3254 e
413 3189 607 3280 fragmento,
636 3191 692 3256 sed
713 3192 897 3278 emendato,
929 3197 1015 3283 quod
1044 3225 1127 3268 nunc

163 3301 391 3392 ineptissimum
409 3300 459 3365 sic
474 3298 588 3390 legitur
601 3300 685 3391 apud
700 3304 815 3368 Athen.
831 3305 888 3369 ΠΙ.
906 3328 976 3396 pag.
997 3330 1070 3397 119.
1087 3313 1122 3378 B.

164 3418 218 3481 καὶ
235 3413 425 3497 ἀρσενικῶςό
440 3418 559 3498 τάριχος
573 3410 692 3492 λέγεται
709 3415 781 3500 παρ’
796 3414 963 3493 Ἀττικοῖς.
981 3453 1025 3468 -
1039 3422 1124 3489 Πλά-

162 3551 223 3593 των
244 3527 298 3592 An
318 3521 519 3606 Κακουμένῳ·
610 3550 614 3558 ·

284 3631 380 3684 ‘nco’
396 3632 459 3681 ἅττ’
474 3631 534 3699 ἔχον
544 3631 627 3682 ταῦτ’
642 3631 694 3689 ἔςν·
710 3634 842 3702 ταρίχους
857 3632 995 3703 ἀντολέων,

164 3737 205 3802 de
229 3761 292 3826 quo
313 3738 388 3803 loco
408 3761 489 3826 quae
515 3738 574 3802 viri
595 3737 682 3802 docti
698 3741 951 3829 excogitaverunt
973 3742 1052 3811 adeo
1065 3745 1119 3810 fri·

165 3865 256 3938 gent,
285 3862 319 3911 ut
348 3848 422 3935 ipsis
453 3846 606 3935 placuisse
632 3847 737 3912 mirer.
789 3851 949 3918 Honorius
974 3856 1061 3922 enim
1090 3857 1121 3920 in

162 3960 321 4043 Εαυυοίοι.
342 3957 418 4023 Crr't.
436 3979 510 4051 pag.
531 3979 603 4044 ¹17·
618 3959 663 4024 sic
677 3960 771 4049 rerba
785 3961 925 4028 refinxitt
