2618 4934
735 359 778 424 84

289 572 403 639 fovisse
416 567 566 634 credibile
582 581 645 630 est:
662 585 737 632 nam
752 583 941 650 quamquam
953 561 1179 627 Acbameuses
1194 565 1257 628 suis

287 683 482 766 Νονμηνίαις
496 678 673 766 eripuerant
688 673 843 762 palmam,
856 687 962 734 tamen
976 671 1164 737 commodos
1179 675 1259 747 arni·

288 817 361 860 cum
389 793 521 880 Equites
543 785 682 852 studiose
704 784 917 848 elaborantem
937 780 1106 847 scribendo
1122 781 1256 859 adiuvit,

288 903 353 971 Sed
368 925 463 990 quum
477 901 558 964 haec
571 896 677 961 fabula
693 894 812 983 ingenti
828 893 970 957 omnium
986 892 1096 981 plausu
1111 910 1143 959 et
1158 892 1258 959 adrni-

289 1017 413 1081 ratione
442 1027 522 1077 esset
550 1022 696 1094 excepta,
723 1002 840 1069 invidia
866 1018 898 1066 et
925 1002 1114 1067 obtrectatio
1130 1004 1261 1068 incessit

205 1138 208 1145 '
290 1127 446 1206 animum,
471 1143 568 1210 quem
581 1115 730 1180 'dolorem
755 1137 832 1177 mox
853 1111 1030 1177 cavillando
1045 1112 1203 1177 aemulum
1219 1114 1260 1178 sis

205 1302 211 1313 ,
255 1285 259 1295 .
291 1235 453 1326 gnificasse
466 1241 635 1319 propterea
655 1236 702 1291 est
717 1223 911 1288 simillimum
924 1223 1009 1306 veri,
1032 1221 1116 1310 quod
1131 1224 1260 1288 Ατίαῑο-Ι

290 1346 409 1434 phanes
430 1344 465 1405 in
482 1341 609 1426 Vespis,
634 1357 728 1423 quam
748 1333 843 1398 tertio
862 1346 935 1421 post
949 1334 1081 1422 Equites
1096 1355 1179 1398 anuo
1197 1332 1261 1398 do·

292 1455 379 1536 cuit,
395 1468 534 1518 veterem
548 1447 683 1513 amicum
699 1444 876 1534 asperrimis
892 1444 1042 1511 conviciis
1056 1444 1191 1533 exagitat
1206 1467 1256 1512 vs.

297 1562 394 1629 1025.
410 1584 456 1649 sq.

290 1694 364 1748 Οὐδὲ
374 1695 528 1763 παλαίςρας
535 1689 733 1762 περικωμάζειν
744 1687 856 1760 (inquit)
869 1687 980 1758 πειρῶν,
997 1683 1058 1738 οὐδ’
1073 1686 1099 1738 εἴ
1108 1705 1150 1747 τις
1158 1688 1255 1760 lpum·

288 1786 494 1854 Κωμῳδιῖαθαι
510 1777 623 1848 παιδίχ’
642 1780 743 1832 ἑαυτοῦ
760 1779 842 1843 μισῶν
860 1778 980 1832 ἔσπενδε
997 1781 1064 1848 πρὸς
1079 1778 1166 1832 αὐτόν

289 1877 394 1928 oasam
409 1874 520 1927 πώποτέ
537 1887 600 1938 φησι
618 1871 766 1923 πιθέσθαι.

292 1988 348 2052 ubi
379 1985 499 2050 scholia
529 1981 623 2051 vide:
656 1982 732 2048 coll.
765 1983 900 2073 Berglrio
925 1983 962 2049 in
991 1983 1120 2071 Frugm.
1152 1986 1261 2052 Arist.

293 2120 329 2187 p.
346 2095 423 2183 918.
442 2111 474 2169 et
489 2115 565 2178 922.
611 2092 765 2181 Reposuit
779 2092 897 2182 aliquid
915 2091 1060 2183 Enpolis:
1083 2113 1156 2157 nam
1171 2116 1263 2161 anno

294 2205 436 2294 sequenti
458 2204 585 2292 Olymp.
613 2203 787 2270 LXXXIX.
806 2203 838 2270 3.
865 2203 1020 2271 ianocr's
1041 2202 1185 2271 Parabasi
1207 2225 1261 2277 us,

294 2315 371 2407 763.
400 2339 469 2403 sqq.
498 2313 622 2379 easdem
654 2315 751 2379 animi
780 2312 889 2379 sordes
916 2314 962 2379 illi
991 2314 1103 2379 acerbe
1130 2313 1262 2397 obiicit,

187 2448 196 2467 ⁶
294 2425 434 2516 quamvis
448 2440 483 2489 ut
498 2439 571 2488 ante
586 2426 708 2491 nomini
724 2447 874 2515 parcens:

291 2551 351 2603 Kal
366 2551 418 2621 γὰρ
430 2550 565 2622 πρότερον
581 2551 686 2622 πράξας
703 2551 775 2604 κατὰ
791 2552 858 2602 vote
873 2550 937 2620 οὐχὶ
952 2549 1107 2619 παλαίςρας
1120 2549 1270 2629 περιναςῦα

293 2652 409 2710 Παῖδας
423 2652 544 2724 ἔπειραν.
567 2644 622 2707 ubi
636 2641 702 2708 vid.
720 2641 828 2710 schol·

341 2765 416 2832 Non
431 2768 504 2832 tulit
517 2762 744 2832 contumeliam
761 2763 906 2855 Eupolis,
933 2767 988 2831 sed
1004 2787 1086 2832 anno
1102 2765 1264 2854 insequens

298 2877 341 2959 ti,
366 2898 462 2966 quum
477 2876 607 2941 doceret
622 2873 826 2951 Αὐτόλυκον,
846 2873 994 2940 iniuriam
1008 2877 1068 2941 sibi
1083 2876 1202 2941 illatam
1217 2878 1264 2942 sio

298 2986 380 3052 ultus
395 3002 456 3071 est,
470 3002 506 3051 nt
520 2978 621 3049 Pacu
630 3000 848 3074 argumentum
862 2982 1015 3051 invidiose
1027 2986 1263 3075 perstringeret.

297 3096 428 3163 Retudit
452 3096 675 3187 Aristophanes
696 3097 812 3161 aemuli
833 3093 1085 3160 maledicentiam
1108 3096 1140 3159 in
1161 3096 1269 3179 Nudi-1

302 3207 375 3292 bus,
405 3229 499 3297 quarn
523 3206 714 3296 perpolitam
737 3206 856 3290 edidit,
883 3203 1095 3295 (nondocuit)
1117 3203 1202 3270 circa
1218 3207 1263 3271 in·

300 3334 445 3401 euntem,
469 3315 601 3406 opinor,
626 3317 754 3408 Olymp.
770 3319 898 3402 XClffl,
920 3315 974 3384 ubi
993 3313 1044 3378 isti
1059 3315 1198 3405 plagium
1213 3340 1263 3382 ex·

299 3430 446 3519 probrat:
470 3450 516 3493 vs.
543 3425 617 3503 552.
634 3450 682 3515 sq.

390 3559 513 3618 Εὔπολις
527 3557 578 3622 μὲν
594 3560 643 3613 τὸν
660 3559 788 3630 Μαρικᾶν
804 3559 936 3630 πρώτιςοα
952 3557 1156 3628 παρείλκυσαν,

392 3650 544 3721 Ἔκςρέψας
559 3651 624 3710 τοὺς
640 3653 789 3722 ἡμετέρους
805 3650 921 3710 Ἱππέας
938 3651 1019 3708 κακὸς
1036 3649 1132 3708 κακῶς.

304 3763 357 3827 cui
381 3764 581 3828 exacerbatus
601 3762 678 3829 odio
698 3766 799 3831 Poeta
822 3765 868 3828 sic
887 3764 1027 3854 reposuit
1048 3764 1080 3827 in
1102 3769 1262 3840 Βάπταις,

303 3870 410 3959 (quam
434 3871 561 3960 Olymp.
582 3874 682 3937 XCI¹⁹
706 3899 789 3943 anno
811 3874 916 3964 primo
940 3892 1042 3941 actum
1062 3896 1147 3957 esse,
1171 3873 1266 3948 multa

297 3979 443 4072 suadent,
467 3997 503 4057 ut
525 3981 665 4069 credam)

652 4075 657 4083 ι
