2618 4934
299 573 472 644 Παραινέσοι
487 575 521 626 dl
537 573 609 644 σφῷν
625 591 654 639 τι
669 559 807 651 dedicatas
824 575 917 638 σοφόν·

294 663 385 716 'otas
403 670 491 731 φακῆν
508 663 593 734 ἕψητε
610 667 647 734 μὴ
664 663 770 734 ’πιχεῖν
787 668 885 737 μύρον.

173 796 254 864 'l'urn
270 821 349 888 quae
364 799 475 865 eadem
490 801 625 890 graviter
640 798 681 864 ad
695 800 860 866 Eteoclem
873 824 921 868 vs.
941 800 1016 890 549.
1032 826 1078 893 sq.

195 938 202 949 ⁸
295 940 367 1002 Εἶθ’
386 950 461 1017 ἥλιος
476 948 526 1017 μὶν
542 951 590 1008 νύξ
607 969 640 1004 τι
658 952 787 1005 δουλεύοι
803 959 935 1024 βροτοῖς,

296 1040 339 1091 Σο)
356 1041 386 1092 δ’
403 1041 452 1092 orla
468 1039 556 1098 ἀνέξει
573 1042 703 1106 δωμάτων
720 1041 789 1111 ἔχων
806 1045 887 1114 μέρος
893 1063 907 1106 ,·

169 1171 352 1240 ioctdariter
372 1172 518 1239 Comicus
539 1173 624 1265 apud
646 1175 731 1244 Poll.
747 1176 806 1244 IX.
832 1181 905 1261 124.
928 1186 1080 1266 erusrtc
1104 1187 1140 1254 ἐν

170 1290 238 1361 ταῖς
259 1285 445 1360 Φοινίσσαις·

295 1429 368 1489 Eie’
383 1437 457 1504 ἣλιος
473 1437 523 1503 μὲν
538 1439 676 1528 assidetes
691 1447 751 1501 τοῖς
765 1441 907 1505 παιδίοις,

292 1526 384 1581 'ores
401 1528 522 1596 urucas·
539 1530 624 1600 itas,
643 1528 663 1581 ai
679 1531 736 1594 φίλ’
752 1531 823 1598 ἥλιε.

170 1657 221 1726 De
240 1675 375 1752 utroque
393 1661 520 1754 Tragici
536 1663 611 1730 loco
632 1665 784 1752 quaesivit
800 1662 1058 1752 Valckenaerius,
1080 1693 1140 1737 cur

171 1770 245 1837 illae
260 1774 432 1839 sententiae
443 1775 576 1838 Comico
591 1773 744 1839 ridiculae
764 1792 818 1841 aut
836 1776 963 1867 ineptae
977 1782 1141 1867 potuerint

168 1881 235 1959 vi„
260 1883 295 1957 't
310 1881 367 1947 sed
394 1897 505 1955 contra
528 1897 592 1944 est:
617 1903 691 1943 nam
714 1904 754 1945 eo
775 1883 942 1949 facetiores
962 1887 1067 1954 solent
1084 1891 1140 1955 ha·

168 1879 312 2097 Q
327 1988 408 2068 ioci,
430 2008 494 2072 quo
515 1986 706 2074 praeclarius
725 1989 889 2073 veriusque
910 1990 1030 2058 dictum
1049 1999 1082 2063 in
1098 2008 1140 2063 ri.

170 2092 310 2162 diculam
322 2094 509 2159 senteutiam
523 2092 739 2180 detorquetur.
755 2095 831 2161 Non
846 2117 886 2161 eo
900 2099 1034 2189 scriptae
1049 2124 1140 2173 erant

170 2199 324 2270 eiusmodi
338 2201 493 2287 Fabulae,
517 2217 553 2266 ut
567 2201 774 2291 Tragicorum
796 2206 921 2293 egregia
937 2211 1076 2277 carmina
1090 2214 1138 2280 lu·

169 2310 273 2379 dibrio
293 2311 502 2392 haberentur,
525 2308 582 2374 sed
600 2332 664 2397 quo
680 2312 778 2400 magis
792 2312 827 2376 in
842 2315 1015 2383 cachinnos
1032 2343 1137 2388 erum·

166 2436 280 2512 perent
294 2418 414 2502 Attici,
439 2419 465 2513 si
478 2419 512 2484 in
526 2417 651 2484 ludicro
670 2438 855 2510 argumento
871 2424 952 2490 bene
967 2428 1028 2493 sibi
1042 2444 1136 2499 notos

163 2531 287 2622 Tragici
298 2528 469 2597 versictdos
482 2530 608 2596 subesse
619 2530 782 2600 sentirent.
827 2533 937 2622 Neque
953 2539 1048 2604 etiam
1063 2564 1129 2608 cre·

169 2641 266 2709 dibile
282 2655 328 2706 est
342 2640 424 2705 illius
438 2639 563 2707 fabulae
579 2657 795 2730 argumentum
811 2641 905 2709 fuisse
919 2648 1038 2715 bellum
1053 2651 1134 2720 The·

167 2754 286 2835 banum
303 2773 341 2816 ac
355 2751 467 2815 fratres
482 2750 597 2813 mutuis
612 2750 791 2817 vulneribus
806 2772 989 2842 pereuntes,
1006 2759 1062 2824 sed
1074 2785 1134 2852 pro

165 2861 225 2925 ista
235 2858 332 2925 flebili
342 2855 519 2947 Tragoedia
528 2857 637 2922 nescio
650 2858 725 2946 quid
736 2860 903 2930 ridiculum
913 2881 946 2931 et
959 2869 1130 2954 urbanum,

170 2968 257 3058 quod
288 2984 395 3033 tamen
424 2965 541 3031 Thebis
567 2982 744 3056 gereretur,
779 2967 900 3036 dedisse
916 2974 1048 3042 Poetanr
1062 2982 1134 3059 sads

170 3095 291 3146 certum
312 3093 375 3160 est,
400 3091 432 3141 et
452 3074 658 3141 confirmatur
678 3075 785 3168 lepido
801 3079 876 3145 loco
892 3083 1031 3152 eiusdem
1045 3087 1135 3155 fabu-

87 3231 91 3238 ·
167 3191 217 3260 lae
244 3185 325 3278 apud
346 3188 461 3253 Athen.
477 3185 565 3252 XIV.
587 3211 620 3279 p.
637 3187 713 3253 621.
731 3187 768 3253 F.
790 3188 845 3253 ubi
865 3189 943 3258 salse
958 3193 1079 3262 ridetur
1092 3201 1132 3266 ab

168 3296 372 3380 Atheniensi,
403 3312 438 3369 ut
465 3294 611 3389 videtur,
641 3297 864 3363 Thebanorum
892 3302 1019 3386 civitas,
1049 3308 1135 3396 quod

168 3410 304 3477 dialecto
324 3408 489 3499 perinepta
503 3422 655 3475 uteretur.
701 3409 739 3473 In
756 3407 871 3475 eodem
886 3433 1073 3501 argumento
1088 3420 1131 3486 lu·

167 3538 249 3588 serat
269 3519 511 3608 Aristophanes,
534 3518 588 3605 qui
603 3519 716 3607 etipse
732 3522 892 3597 Φοινίσσας
906 3526 1047 3615 scripsit,
1064 3528 1128 3597 vid.

166 3630 314 3697 Dindorf.
337 3632 440 3696 Arist.
461 3631 593 3717 Fragm.
620 3651 693 3718 pag.
716 3629 788 3717 195.
815 3647 847 3696 et
869 3634 1036 3725 Bergidum
1057 3662 1129 3729 pag.

171 3741 264 3829 1167.
310 3741 461 3806 Similiter
483 3739 517 3805 in
542 3738 747 3829 Tragicorum
774 3743 916 3830 personis
941 3745 1038 3812 iocati
1060 3765 1130 3815 suut

169 3851 281 3938 reliqui
309 3856 439 3940 poetae:
469 3851 502 3913 in
529 3849 629 3914 Zetho
656 3865 689 3915 et
714 3850 895 3941 Amphione
920 3856 1058 3924 Eubulus
1080 3882 1132 3954 ap.

169 3961 286 4034 Athen.
310 3959 352 4028 H.
375 3980 449 4048 pag.
474 3961 528 4044 47.
553 3958 588 4024 B.
