2618 4934
644 341 687 406 to

175 543 404 636 suspicionibus
424 540 524 624 anxii,
552 543 661 608 nescio
684 560 759 630 quas
781 545 975 614 nobiliorum
989 549 1147 623 factiones

176 671 210 722 et
232 637 369 723 hostium
389 650 515 718 insidias
534 666 707 718 metuentes
727 667 760 718 et
781 657 940 723 acerrimis
956 665 1146 747 quaestioni·

176 767 236 837 bus
263 765 298 829 in
329 762 413 829 diem
447 760 673 828 sollicitudines
707 781 853 854 augentes
883 791 951 834 nou
983 794 1075 863 aegre
1104 776 1146 840 iis

177 877 240 940 siut
260 873 426 956 obsecuti,
452 873 503 961 qui
525 871 559 936 in
577 871 759 962 re.trepida
780 876 967 944 comoediae
981 879 1144 949 licentiam

176 984 388 1052 coercendam
408 981 585 1049 suaderent.
677 1070 683 1080 ι

180 1151 183 1155 .
216 1092 510 1186 ExpeditioSicula
521 1107 554 1158 et
568 1115 638 1182 spes
651 1094 786 1184 ingentis
801 1096 926 1185 imperii
940 1100 1144 1192 praedaeque

172 1204 357 1274 incenderat
372 1224 493 1285 omnes,
511 1222 642 1289 eamque
653 1201 687 1266 in
702 1202 1037 1275 Alcibiadehabebant
1046 1213 1145 1279 maxi·

47 1346 51 1351 ·
172 1340 274 1403 mam,
299 1316 353 1413 qui
377 1336 477 1405 prope
494 1312 577 1377 solus
597 1313 697 1407 gratia
711 1314 823 1405 populi
838 1316 883 1381 ita
898 1317 1036 1404 valebat,
1059 1323 1142 1400 utel

171 1449 231 1516 par
245 1447 340 1490 nemo
355 1424 389 1488 in
404 1423 530 1487 civitate
545 1424 738 1510 poneretur.¹
758 1423 802 1487 At
817 1423 952 1490 eundem
970 1426 1140 1514 timebant,

171 1534 258 1625 quod
280 1535 450 1624 plurimum
472 1532 582 1597 obesse
606 1532 954 1624 posseintelligebautr
968 1536 1065 1625 idque
1080 1563 1141 1628 po·

170 1647 323 1711 tissimum
329 1644 472 1727 Comici,
485 1643 538 1732 qui
553 1641 772 1708 huiuscemodi
785 1645 947 1734 ingenium
960 1646 993 1711 in
1010 1649 1141 1714 civitate

168 1757 269 1823 libere
290 1756 366 1822 ferri
389 1777 457 1820 non
471 1776 566 1844 posse
580 1751 849 1824 contendebant.
893 1756 997 1848 Saepe
1010 1759 1044 1823 iu
1061 1783 1137 1826 eum

171 1867 296 1943 aculeos
308 1870 341 1930 'ot
355 1863 490 1928 dicteria
502 1863 705 1928 coniecerant
719 1867 835 1931 ceteri:
853 1865 909 1931 sed
918 1869 1051 1957 Eupolis
1065 1886 1139 1937 ante

170 1997 298 2057 omnes,
320 1975 377 2062 qui
403 1971 668 2044 mordacissimam
693 1976 727 2038 in
755 1998 833 2040 eum·
850 1975 975 2063 scripsit
996 1977 1140 2045 fabulam

170 2093 321 2167 Boutae,
347 2085 382 2148 iu
406 2104 473 2171 qua-
491 2083 543 2170 qui
571 2098 692 2148 ceteros
717 2082 1048 2168 ludificarisolebat,
1068 2087 1137 2174 ipso

169 2193 274 2284 lepide
298 2191 498 2259 irridebatur.
545 2189 647 2272 Quem
672 2191 785 2281 inique.
803 2195 887 2258 beno
909 2193 1136 2263 contumeliam

168 2303 348 2371 Alcibiades
371 2303 470 2368 elatus
491 2302 590 2392 gratia
611 2302 729 2391 populi
745 2303 871 2386 tulerit,
896 2303 945 2368 vel
966 2326 1136 2389 erumcrc

101 2480 104 2492 ,
168 2415 333 2496 conficies,
363 2434 426 2502 quo
453 2434 491 2477 ex
513 2406 670 2479 simultate
691 2415 835 2481 iocosum
856 2421 984 2503 poetam
999 2397 1033 2479 iu
1049 2437 1136 2484 merc

165 2525 373 2615 praecipitem
404 2521 527 2588 dedisse
558 2523 669 2588 fertur.
726 2524 837 2610 ltaque
865 2527 1137 2613 opportunitatem

166 2652 325 2724 captasse,
350 2656 411 2721 qua
431 2633 563 2697 nimium
585 2632 781 2697 lascivientes
797 2637 906 2722 polites
920 2656 1030 2703 severe
1047 2658 1135 2703 com·

162 2745 323 2834 posceret,
344 2743 605 2809 verisimillimum
630 2751 677 2807 est
698 2758 740 2804 et*
752 2742 863 2807 lubens
880 2743 1128 2834 Berglriooredo

165 2853 341 2920 affirmanti
360 2877 433 2944 pag.
463 2851 540 2920 318.
586 2851 930 2940 Nempesperoendus
952 2870 1000 2920 est
1022 2855 1130 2940 loom,

165 2988 259 3053 quem
285 2988 305 3030 e
329 2963 427 3029 docto
451 2977 704 3031 commentatore
716 2961 865 3034 Aristidis
887 2965 1012 3049 attulit,
1037 2966 1131 3034 Tom.

163 3075 221 3140 Ill.
239 3073 477 3164 ρ.’444.1)ίηά.
500 3071 619 3140 ’Ἄλλοι
643 3075 678 3141 di
702 3073 859 3156 λέγουσιν,
883 3079 931 3149 ὅτι
954 3075 1134 3158 tempores

162 3188 289 3270 ὀνυμαςλ
309 3191 379 3262 roric
401 3187 516 3271 ἄνδρας
528 3185 630 3274 μέχρις
646 3186 828 3263 Εὐπόλιδος.
838 3187 1134 3272 nouas-otnero

163 3298 371 3386 ’Alsiensem
392 3301 419 3362 -ό
437 3300 589 3384 sessuris
616 3300 668 3362 sat
693 3300 814 3384 ittae
841 3296 1049 3380 Keselrfflls
1072 3300 1131 3384 rit

162 3413 244 3497 παρὰ
268 3408 440 3483 Εὐπόλιδος
461 3411 586 3494 ἔᾷῥιψυ
607 3410 703 3474 αὐτὸν
720 3413 754 3476 ir
770 3416 809 3494 opi
825 3406 967 3493 θαλάττῃ
987 3411 1024 3475 ἐν
1042 3416 1130 3475 Stet·

162 3522 216 3606 λλᾳ
226 3521 509 3606 .συςρατωόμενον.’
522 3540 596 3588 tram
610 3517 892 3605 quamquanetsa
904 3539 972 3582 csse
985 3533 1128 3602 constet,

163 3627 244 3720 quae
266 3631 309 3695 de
327 3653 406 3701 nece
430 3625 758 3719 Eupolidiszoddidit,
777 3626 899 3715 reliqua
918 3628 955 3692 in
969 3629 1130 3719 ingenium

162 3739 336 3806 Alcibiadis
355 3757 595 3829 temporumque
608 3739 737 3805 illorum
751 3739 990 3823 mtionerpztam
1006 3738 1129 3828 egregie

163 3851 370 3931 conveniunt,
385 3864 501 3912 utnon
515 3846 556 3912 de
570 3871 629 3912 suo
643 3848 768 3913 linxisse
780 3848 1052 3931 iGrammaticum,
1071 3846 1128 3914 sed

165 3963 336 4027 eveterum
344 3957 537 4024 'auctoritate
544 3960 703 4048 scripsisse
716 3980 781 4026 nou
792 3956 931 4045 sitquod
942 3955 1128 4031 dubitemus.
