2618 4934
732 361 796 430 tto

288 567 466 655 Παράβαοις
487 567 681 651 euomuerit
700 568 752 631 καί
768 565 964 642 ’Λνίιπαιςος
982 564 1143 657 καλεῖται.)
1156 569 1257 636 inter*

286 678 362 742 dum
374 675 564 767 Eupolideis‚
578 692 633 741 aut
645 675 868 741 choriambicis
878 675 1173 766 polyschematistis‚
1188 683 1254 770 qui·

152 822 157 832 ·
285 789 344 853 bue
365 788 463 852 utitur
476 787 700 876 Aristophanes
721 784 755 849 iu
772 787 984 875 Amphiarao:
999 786 1065 854 vid.
1082 782 1189 879 ptdd.
1205 814 1255 879 sq.

286 919 456 985 numquam
477 912 580 961 autem
602 895 715 959 iambis
738 896 983 962 auttrochaeis:
1007 896 1088 964 ⁴vide
1113 900 1251 969 Kdlster.

287 1005 508 1071 de³Parabasi
533 1018 590 1072 νοτ.
621 1005 707 1089 Com.
733 1008 802 1073 Au.
824 1020 913 1094 part.
939 1015 1040 1098 antiq.
1059 1031 1093 1097 p.
1112 1010 1166 1075 26.
1183 1033 1255 1099 sqq.

288 1117 396 1204 Itaque
424 1117 623 1206 perspicuum
651 1131 699 1180 est
713 1116 820 1205 ipsius
849 1117 1000 1208 Perialgis
1025 1141 1090 1183 esse
1111 1118 1253 1204 dictum,

289 1227 514 1308 enumerantis,
526 1243 601 1313 quas
613 1225 646 1289 in
659 1248 728 1314 rep.
739 1247 902 1291 aerumnas
914 1227 1142 1312 exundavisset,
1154 1251 1254 1317 quum

219 1348 242 1430 ι’
288 1336 544 1426 Demagogorum
560 1335 730 1416 temeritati
743 1334 955 1424 nequidquam
969 1334 1198 1409 adversaretur.
1291 1392 1294 1404 .

319 1447 388 1513 ΙΙΙΙ.
415 1443 695 1510 ,Ρτὶεοίαοιιεὶίιὶιλ
712 1467 747 1532 p.
767 1446 860 1526 248.:
875 1449 975 1512 Attici
993 1435 1256 1536 προίχοντεὲτοιί·

234 1553 237 1558 ’
287 1580 350 1622 τιον
368 1557 421 1621 καί
439 1562 554 1628 τοιίτοις
572 1554 624 1635 καί
642 1552 742 1639 πολλῇ
753 1535 890 1624 ιτίιντοον.Ι
907 1577 913 1591 ·“
931 1556 1062 1626 Πλάτων
1070 1560 1257 1645 -Περιάλγευ

314 1716 400 1769 Ἀλλ’
415 1700 621 1784 ἡναιλμεσδ’.εῧ
638 1713 786 1786 κάνδρείως
801 1696 894 1786 πολλῷ
910 1716 1017 1771 πάντων
1033 1697 1206 1790 προίχοντεὲ.

286 1872 339 1938 Sic
367 1864 508 1938 monstra
532 1870 725 1957 lectionum,
751 1868 831 1963 quae
859 1871 1186 1964 apud'Priscianum‚
1217 1892 1255 1943 nt

288 1982 420 2072 passim,
440 1985 486 2047 sic
507 1982 601 2047 etiam
618 1984 672 2048 hic
683 1983 785 2067 ¹rerba*
799 1981 921 2049 Graeca
938 1983 1125 2071 obscurant,
1145 2009 1171 2051 a
1180 1977 1256 2052 viris

231 2160 233 2163 ,
251 2153 261 2169 ,
287 2092 389 2158 doctis
401 2091 537 2157 feliciter
551 2098 720 2181 procurata
733 2107 817 2178 sunt.
846 2090 928 2157 Vide
943 2092 1080 2160 Meinek.
1095 2096 1192 2177 Ite.
1214 2097 1252 2163 C.

285 2227 360 2293 pag.
377 2201 453 2268 653.
499 2201 588 2268 Idem
608 2204 690 2270 hene
706 2201 871 2268 admonuit
885 2201 926 2267 de
940 2203 1178 2269 Atheniensium
1192 2205 1255 2270 im·

284 2312 384 2402 perio
391 2327 424 2378 et
437 2316 582 2399 ἡγεμονίᾳ
602 2337 669 2380 esse
690 2310 921 2404 accipiendum.
967 2312 1070 2382 Etiam
1088 2312 1252 2380 Prisciano

283 2446 344 2513 pro
359 2425 472 2511 πολλῇ,
495 2424 621 2513 quod'
596 2446 643 2489 src
658 2426 798 2513 positum
812 2421 971 2489 Graecum
985 2446 1052 2489 non
1067 2439 1131 2507 est,
1150 2423 1253 2511 πολλῷ

284 2536 510 2604 restituendum
525 2554 583 2603 est.

329 2646 403 2717 IV.
431 2645 537 2713 Schol.
556 2646 654 2711 Arist.
676 2649 737 2710 Αν.
765 2666 859 2732 1297.
875 2667 973 2734 agens
989 2643 1028 2709 de
1043 2644 1163 2710 Midiae
1178 2667 1253 2736 cog·

287 2758 416 2822 nomine
431 2746 533 2845 ὄρτυξε
546 2753 646 2839 Δηλοῖ
655 2752 712 2821 δὲ
711 2760 798 2821 τοῦτο
811 2744 1045 2843 ’Ᾰριςοφάνης’
1031 2783 1064 2824 εν
1077 2759 1253 2842 Περιαγγεῖ·

287 2871 406 2955 χρηςόν
420 2875 461 2953 μὴ
486 2869 566 2934 κατὰ
591 2865 731 2933 Μειδίαν
755 2867 1037 2950 ὀρτυγοκόπον-
1032 2861 1271 2955 διαβάλλεται.

286 2982 371 3048 δὲ”
343 3007 385 3057 εις
395 3006 435 3048 τε
456 2980 675 3066 πονηρίαν,
650 3004 692 3054 ως
714 2978 847 3053 Πλάτων
864 2983 903 3048 ίν
919 2983 1050 3063 Νίκαις,
1071 2982 1123 3046 καί
1142 2981 1255 3063 κλοπῆς

286 3091 453 3179 δημοσίων,
487 3094 528 3166 τίς
558 3089 785 3174 Μετανίνηςί
785 3116 804 3158 ν
830 3089 950 3186 Ὁμήρῳ
980 3094 1033 3158 καί
1057 3090 1251 3174 συκοφαντία.

283 3203 414 3294 κόβαλός
436 3228 469 3269 τε
493 3197 572 3270 εἶναι
594 3186 791 3284 ἐλέγετοναί
808 3201 988 3300 οττωχαλαζ
971 3226 1031 3283 ων,
1049 3204 1092 3279 τίς
1105 3192 1253 3289 Φρυνιχοε
1295 3233 1298 3238 ·

288 3321 322 3385 ἐν
340 3314 526 3403 ’μΕφιάλτῃ
551 3310 779 3402 Emendatiore
798 3313 861 3376 hac
882 3307 1153 3375 animadversione
1180 3334 1251 3378 usus

287 3443 334 3492 est
349 3415 515 3491 Scholiaat.
533 3422 662 3488 Luciani
677 3396 716 3485 ad
731 3421 797 3497 ίαν.
820 3416 975 3509 Tragoed.
998 3418 1086 3499 548.
1103 3419 1141 3485 Τ.
1157 3421 1200 3486 Π.
1215 3443 1248 3511 p.

287 3538 377 3624 696:
391 3537 515 3603 Hemst.
544 3534 597 3621 qni
616 3529 697 3620 ,inde
716 3530 796 3596 haec
812 3529 984 3619 excerpsit:
1003 3529 1041 3596 ‘0
1059 3531 1093 3596 δὲ
1116 3533 1252 3606 Μειδίας

277 3650 496 3732 ὀρτυγοκόπον
508 3641 562 3728 ἦν,
584 3629 718 3713 Hidros
738 3640 905 3726 Περιαλγεῖ
924 3638 1116 3728 (ἥατο-ἄλγει)
1137 3642 1191 3707 καί
1212 3644 1252 3716 δε

288 3761 420 3844 πονηρὸν
456 3757 490 3824 δέ
523 3757 575 3821 καί
605 3753 738 3841 νόβαλον
766 3754 828 3827 ναί
847 3755 910 3819 τῶν
938 3751 1088 3835 δημοσίων
1110 3755 1251 3834 νοσφιςὴν

288 3873 443 3954 Φρύνιχον
459 3870 512 3933 καί
530 3866 663 3934 Πλάτων
674 3861 907 3951 διαβάλλουσιν.
931 3861 1015 3926 Hinc
1030 3860 1203 3928 Meineldus
1215 3859 1251 3925 in

291 3979 422 4064 Quaere.
449 3977 538 4040 διατι.
555 3973 597 4038 Π.
613 3994 647 4059 ρ.
666 3987 721 4042 22.
737 3997 797 4062 pro
812 3955 1026 4061 Aristophane
1034 3972 1168 4044 Πλάτων
1181 3993 1252 4042 cor·
