2618 4934
636 363 808 427 ,tot

294 566 402 634 alienis
426 566 566 632 versibus
591 564 715 630 laudem
743 581 775 630 et
800 567 962 634 victoriam
989 568 1254 657 adipiscerentur3

294 676 378 740 hunc
394 681 498 739 autern
511 682 580 738 esse
596 675 859 764 Aristophanem,
884 677 937 763 qui
951 677 1044 743 initio
1059 679 1260 773 timidusper

292 785 370 851 alios
396 790 506 874 poetas
533 807 602 848 suas
626 783 746 851 fabulas
771 782 938 866 docuerat,
958 788 1057 876 iisque
1079 806 1257 878 reportatae

289 895 440 960 victoriae
459 893 584 960 laudem
604 915 726 974 socors,
750 889 786 958 nt
807 893 963 984 plerisque
978 895 1162 983 videbatur,
1180 924 1257 966 con·

290 1006 433 1070 cesserat.
456 1003 520 1069 Sed
533 1002 693 1069 videamus
708 1001 875 1093 diligenter
890 1004 930 1070 de
945 1007 1085 1097 singulis.
1111 1008 1145 1072 si
1161 1009 1253 1075 Plato

289 1113 330 1179 de
343 1128 442 1178 semet
461 1113 531 1200 ipso
551 1112 675 1176 locutus
690 1127 756 1205 est,
780 1113 886 1178 subest
900 1115 997 1199 haec,
1014 1114 1118 1181 iudice
1133 1117 1256 1186 Meiue·

287 1223 359 1306 kio,
382 1223 553 1289 sententia:
578 1221 744 1287 Platonem
768 1222 887 1288 fabulas
910 1247 978 1290 suas
998 1226 1064 1290 aliis
1079 1227 1182 1315 poetis
1198 1227 1256 1294 de·

289 1332 370 1398 disse
397 1330 578 1413 docendas,
605 1347 641 1396 nt
671 1334 897 1423 Aristophanes
921 1334 1080 1400 Philonidi
1106 1352 1138 1400 et
1158 1338 1256 1403 Calli·

288 1458 405 1524 strato,
429 1442 483 1505 alii
506 1442 590 1537 aliis:
616 1466 717 1532 »quae
740 1467 834 1533 quum
857 1453 984 1532 egregie
1002 1446 1203 1533 placuissent
1226 1462 1259 1513 et

280 1561 442 1642 primum,
470 1560 500 1616 st
515 1554 628 1642 forte,
651 1563 829 1642 praemium
857 1562 1058 1638 meruissent,
1083 1566 1255 1644 postea't'n

287 1650 445 1729 Parrhasi
468 1665 631 1731 Pisandrt’.
648 1687 751 1730 serum
778 1687 894 1729 causae
920 1677 1034 1728 statum
1051 1680 1253 1754 exposuerat,

288 1774 342 1840 Sic
363 1798 421 1841 vos
435 1798 502 1840 non
524 1755 630 1854 robis,
655 1782 774 1862 inquit,
800 1774 916 1838 vellera
936 1774 1024 1840 lertis
1039 1776 1149 1843 oves.’'
1190 1775 1254 1842 Sed

288 1885 372 1949 male
398 1906 471 1963 cum
492 1883 703 1967 Aristophane
729 1881 1067 1964 conferri'Platonem,
1093 1889 1256 1974 apparete

284 1989 388 2056 verbis
404 1988 690 2052 Grammaticorum
704 1987 846 2072 παρέχειν
860 1988 913 2051 διὰ
925 1990 1037 2054 πενίαν
1052 2007 1084 2054 et
1099 1997 1254 2063 ἐκδιδόναι

287 2102 339 2169 aa
356 2098 482 2180 nulus,
503 2097 526 2160 i.
549 2117 578 2159 e.
601 2093 752 2174 Po'e'tam,
776 2109 814 2157 nt
834 2094 983 2176 haberet,
1007 2096 1091 2163 unde
1112 2101 1256 2186 viveret,

288 2204 469 2276 comoedias
486 2213 591 2294 pretio
613 2205 686 2268 aliis
713 2203 906 2282 confidisse:
929 2203 1128 2294 quodquam
1150 2210 1259 2275 absur-

286 2319 362 2385 dum
385 2319 425 2382 sit
448 2338 514 2380 non
533 2314 645 2379 fefellit
666 2313 819 2379 Naelrium
835 2338 907 2406 pag.
926 2339 988 2398 rm,
1012 2317 1064 2403 qui
1080 2340 1118 2381 ex
1132 2319 1255 2387 infelici

285 2426 571 2495 Grammaticorum
598 2425 780 2490 coniectura
808 2423 891 2490 istud
924 2428 976 2493 διὰ
1004 2429 1115 2496 πενίαν
1143 2446 1254 2496 natum

288 2563 354 2607 esse
376 2537 621 2626 auspicatusest.
666 2534 730 2602 Sed
753 2537 894 2623 quamus
915 2537 1103 2609 haecverba
1118 2539 1183 2602 istis
1198 2539 1256 2605 de·

285 2649 355 2717 lteri
370 2644 577 2726 concedatur,
592 2645 748 2711 nihildum
763 2661 903 2710 mutatur
917 2649 1087 2713 sententia:
1106 2670 1180 2712 nam
1198 2651 1252 2738 qui

287 2780 360 2824 suos
380 2755 504 2823 labores
520 2754 656 2840 largiter
669 2753 756 2836 aliis,
781 2755 959 2841 quomodo,
984 2779 1114 2844 quaeso,
1137 2781 1252 2824 meree·

288 2868 339 2932 dis
352 2889 448 2931 causa
469 2864 639 2930 militantes
653 2860 716 2925 dici
732 2865 837 2952 potuit
849 2864 1009 2930 imitatus?
1031 2867 1149 2932 Verum
1162 2870 1251 2935 istam

180 3022 183 3028 ·
288 2975 468 3044 mercedem
488 2962 660 3062 urgendum
682 2995 748 3038 esse
767 2989 901 3064 negant,
919 2975 974 3040 sed
994 2979 1157 3061 victorias,
1175 3002 1256 3067 quas,

288 3087 473 3154 bellicosum
497 3079 658 3147 Arcadum
678 3107 774 3174 genua
794 3086 855 3150 sibi
877 3086 996 3169 nullas,
1021 3104 1053 3153 at
1068 3089 1135 3153 aliis
1151 3092 1251 3178 opitu·

267 3198 388 3264 ‘lantes
411 3193 523 3260 multas
548 3208 722 3282 reportasse
741 3192 916 3262 dicebatur.
962 3196 1056 3276 Quod
1081 3200 1169 3262 utin
1192 3202 1251 3264 Ar·

288 3308 417 3375 uadibus
440 3304 578 3370 excusari
593 3305 706 3392 possit,
731 3320 835 3370 tamen
851 3312 964 3394 poetae
987 3309 1249 3375 contumeliosum

287 3437 350 3503 est,
381 3418 554 3506 quiquam
580 3430 686 3504 posset
711 3437 768 3478 suo
796 3415 898 3480 Marte
924 3416 1057 3506 gloriam
1079 3420 1246 3508 consequi,

287 3532 397 3598 maluit
420 3527 562 3617 auspiciis
586 3526 719 3590 aliorum
746 3526 881 3591 militare
906 3529 1005 3615 iisque
1029 3531 1181 3595 victoriae
1204 3521 1275 3594 fa-'

272 3664 373 3706 'mam
387 3639 471 3704 ultro
480 3638 673 3728 permittere.
694 3635 816 3701 Deinde
828 3638 881 3724 qui
892 3636 958 3701 steri
972 3640 1089 3726 potuit,
1099 3655 1133 3703 ut
1144 3646 1251 3728 poeta,

290 3773 369 3838 quae
390 3749 474 3838 prius
490 3748 597 3813 amicis
612 3748 714 3837 poetis
729 3746 859 3812 dederat
873 3763 908 3812 ut
921 3771 982 3837 pro
997 3749 1059 3812 suis
1074 3759 1254 3833 uterentur,

287 3857 400 3923 eadem
415 3879 507 3937 mox,
523 3858 577 3920 ubi
594 3856 747 3945 placuisse
761 3857 880 3946 populo
896 3858 1063 3947 intellexit,
1087 3856 1255 3947 impuden-

223 3984 226 3992 '
289 3984 338 4033 ter
360 3967 418 4031 sibi
441 3967 634 4054 arrogaverit
653 3966 737 4054 ipsi?
758 3967 843 4054 quod
868 3968 1021 4034 eiusmodi
1039 3982 1104 4050 est,
1127 3980 1252 4034 utnon
