2618 4934
624 401 758 466 lfld'

174 605 287 671 Meier.
313 605 352 669 de
368 604 439 671 bon.
458 604 574 670 Dama.
591 624 665 694 pag.
686 601 758 669 158.
775 625 843 692 sqq.
887 601 950 668 Sed
966 605 1054 670 anxie
1070 628 1134 672 me·

174 731 297 781 tuentes
310 737 351 780 ne
364 715 414 779 vir
425 713 545 803 populo
560 713 671 778 eximie
684 734 773 777 carus
787 712 975 797 elaberetur,
996 715 1133 783 πείθουσι

177 830 358 912 Νικόμαχον
385 831 480 907 νόμον
507 824 679 904 ἀποδεῖξαι,
711 828 753 899 cic
780 827 833 911 χρὴ
862 826 913 889 ttnl
943 829 1000 906 τὴν
1023 825 1136 912 (invidt

178 939 387 1014 acritudine:
408 958 469 1024 qua
487 934 558 1024 lege
576 935 696 1024 perlata
712 931 825 999 eodem
840 931 892 999 die
908 932 1075 1024 Cleophon
1089 957 1137 1000 ca·

177 1048 252 1137 pitis
276 1045 437 1110 damnatus
464 1060 522 1111 est.
573 1044 644 1135 Lys.
675 1044 708 1109 in
733 1046 858 1112 Nicom.
890 1068 962 1136 pag.
987 1045 1063 1124 848.
1088 1067 1136 1134 sq.

180 1157 373 1223 Acciderunt
386 1157 466 1222 haec
481 1154 608 1245 Olymp.
624 1155 753 1219 ΧῦΙΠ·ο
764 1176 848 1221 anno
865 1169 977 1244 quarto
992 1169 1138 1238 exeunte,

176 1269 265 1335 brevi
284 1284 451 1356 antequam
471 1266 681 1330 Theramenes
696 1264 809 1354 Sparta
822 1264 936 1349 rediit,
960 1279 993 1333 et
1008 1287 1139 1354 compo·

180 1380 240 1443 sita
260 1400 340 1467 pace
361 1374 562 1466 Trigintaviri
583 1387 654 1438 sunt
676 1373 785 1455 creati.

225 1486 348 1576 Operae
371 1485 508 1575 pretium
528 1504 602 1548 sane
622 1497 668 1547 est
685 1490 876 1573 componere
891 1481 974 1546 inter
987 1503 1037 1565 se,
1061 1506 1140 1571 quae

183 1596 331 1662 Oratores
346 1610 380 1663 et
397 1589 522 1660 Comici
543 1589 583 1657 de
598 1590 795 1682 Cleophonte
809 1591 981 1657 memoriae
996 1590 1141 1680 prodide-

182 1723 273 1774 runt:
298 1729 361 1793 quo
381 1705 469 1769 facto
490 1717 621 1792 apparet
640 1724 733 1789 quam
748 1698 877 1764 difficile
891 1701 931 1764 sit
945 1701 1141 1792 Demagogo·

181 1839 254 1884 rum
277 1813 451 1878 historiam
465 1813 510 1878 ita
530 1832 737 1902 cognoscere,
758 1822 795 1872 ut
819 1808 898 1875 nihil
919 1806 1084 1875 adhaereat
1103 1833 1143 1879 ex

184 1923 359 2012 aequalium
385 1922 461 1988 odio
485 1937 518 1987 et
542 1918 763 1987 maledicentia
788 1932 911 2003 natum,
936 1916 1067 2005 deinde,
1095 1921 1142 1988 uti

184 2033 238 2118 lit,
262 2055 358 2121 quum
385 2032 520 2097 certiora
544 2027 707 2114 deessent,
729 2051 788 2120 per
802 2028 1014 2096 recentiorum
1027 2031 1144 2122 scripta

183 2142 224 2209 ad
257 2157 456 2232 posterorum
489 2141 676 2207 memoriam
708 2154 926 2231 propagatam.
962 2139 1144 2207 .·Iruhenter

168 2249 339 2320 credimus
351 2251 460 2340 Lysiae
474 2268 507 2317 et
518 2250 679 2341 pectrlatus
693 2252 814 2317 marren
828 2266 860 2317 et
871 2252 1068 2340 peregrinam
1081 2253 1144 2319 ori·

183 2364 289 2454 §nem
305 2361 385 2427 falso
411 2361 601 2452 Cleophonti
620 2361 831 2451 exprobrarit.
850 2383 952 2449 neque
966 2375 1073 2427 tamen
1085 2363 1144 2428 hu·

183 2471 320 2538 monadi
339 2470 573 2537 criminationes
588 2471 723 2560 iniquita
736 2468 889 2537 'suendae
902 2484 975 2535 sunt
989 2470 1022 2534 in
1030 2469 1142 2539 Gonti-

171 2584 248 2665 tis,
263 2578 326 2670 qui
350 2582 463 2671 qaribus
484 2596 632 2673 poterant
653 2580 756 2647 modis
781 2583 863 2648 hano
882 2580 1143 2670 patriae.·pestcm

167 2689 352 2761 excitando
365 2693 564 2782 popularium
580 2691 657 2758 odio
673 2691 714 2758 de
732 2691 947 2783 iniqueparta
957 2689 1142 2757 anctoritate

177 2801 323 2870 deiicere
341 2803 525 2871 niterentur.
583 2842 586 2847 -
619 2831 621 2834 ·
662 2846 665 2851 -
1087 2852 1090 2857 .
