2618 4934
563 400 704 468 57*

97 610 187 674 codro
203 604 349 680 Ἡσίοδος
366 607 400 671 ἐν
419 611 482 680 τοῖς
502 604 728 690 πραττομένοις.
772 606 904 692 Sopater
919 605 1005 671 Ptol.
1022 605 1068 670 ad

97 719 200 782 Arist.
223 737 297 803 pag.
325 737 353 779 1.
370 736 416 778 vs.
440 714 472 778 6.
491 716 717 800 ἡπραττομένη
730 719 791 783 τῶν
805 719 936 801 ρητόρων
949 715 1065 792 desan?

141 823 297 913 Itaque'e
324 823 444 888 Tretzis
471 824 544 888 loco
575 826 690 891 confici
715 842 837 914 potest,
871 849 936 891 non
963 827 1066 895 solum

96 932 132 994 in
147 930 383 1018 Aristophanis,
398 929 517 993 Cratini
533 946 565 994 et
579 930 742 1020 Eupolidis
753 930 888 1010 fabulas,
903 929 1066 996 sedetiam

96 1040 131 1102 in
156 1039 295 1103 Platonis
322 1049 355 1102 et
380 1037 576 1103 Pherecratis
604 1041 848 1105 commentarios
871 1039 948 1103 olim
970 1039 1065 1105 fuisse

95 1149 245 1237 scriptos,
269 1147 356 1236 quod
370 1148 422 1212 rel
437 1149 504 1213 sine
519 1149 582 1214 lroc
598 1149 804 1215 Grammatici
820 1149 940 1215 indicio
956 1149 1065 1215 luisset

93 1258 354 1324 verisimillimum
392 1259 426 1323 in
454 1274 543 1322 tanto
574 1258 700 1342 studio,
742 1283 805 1348 quo
836 1258 1063 1326 eruditissimus

94 1369 223 1456 quisque
235 1371 419 1434 criticorum
432 1384 574 1434 veterum
586 1354 778 1436 Comoediae
793 1372 939 1458 antiquae
949 1393 1064 1437 monu-
1081 1413 1083 1418 π

96 1494 202 1544 menta
217 1479 499 1567 amplectebantur.
524 1480 574 1546 Cf.
592 1481 725 1546 Casaub.
739 1480 784 1546 ad
801 1483 917 1548 Athen.
935 1505 969 1570 p.
987 1481 1063 1561 413.

139 1595 183 1654 At
197 1589 300 1654 multo
313 1590 449 1677 iniquius
470 1606 597 1656 nostrae
613 1593 722 1656 aetatis
737 1590 800 1655 duo
817 1593 936 1674 critici,
961 1593 1065 1679 quiin

93 1698 285 1764 illustrandis
298 1700 506 1765 Comicorunr
521 1701 660 1789 reliquiis
676 1725 806 1791 operam
821 1717 1008 1791 posuerant,
1023 1701 1065 1767 de

96 1809 237 1874 Platonis
256 1811 384 1898 ingenio
399 1826 431 1875 et
446 1809 587 1877 dictione
601 1826 788 1877 statuemnt.
832 1811 873 1876 Α.
892 1810 1067 1875 Meineltius

95 1919 131 1982 in
154 1920 197 1984 Η.
218 1919 253 1985 C.
273 1919 307 1985 C.
324 1941 396 2010 pag.
419 1921 490 2000 164.
506 1945 555 2008 sq.
573 1921 615 1988 cl.
632 1924 763 2010 Fragm.
780 1922 820 1987 P.
841 1921 876 1986 C.
895 1945 968 2010 pag.
986 1917 1062 1985 615.

97 2028 132 2092 in
145 2028 285 2093 oratione
300 2028 442 2094 Platonis
457 2030 555 2098 multa
565 2053 673 2096 severe
688 2030 908 2119 reprehendit:
925 2045 957 2095 et
970 2030 1066 2120 longe

96 2136 196 2203 etiam.
214 2137 355 2202 atrocior
380 2153 427 2202 est
450 2137 573 2204 Theod.
598 2138 722 2227 Bergkii
743 2139 938 2220 criminatio,
960 2139 1066 2229 quiin

39 2247 42 2255 ’
97 2247 269 2313 Commeat.
286 2269 360 2335 pag.
378 2250 452 2325 400.
468 2250 551 2312 serio
567 2247 751 2329 contendit,
776 2249 961 2329 Platonem,
984 2271 1065 2336 quae

94 2357 134 2423 ab
157 2357 226 2420 aliis
248 2357 352 2442 potitis
377 2358 462 2443 prins
488 2354 574 2417 diota
590 2370 712 2432 essent,
736 2356 868 2441 turpiter
883 2356 1066 2443 surripuisse

95 2482 127 2531 et
141 2467 175 2530 in
192 2487 280 2530 suam
296 2487 364 2530 rem
381 2463 584 2530 convertisse.
619 2463 734 2551 Agitur
747 2461 800 2524 hic
816 2462 971 2548 praeclari
988 2471 1067 2550 pofe-

95 2592 145 2642 tae
167 2577 252 2640 fama
273 2591 305 2640 et
324 2572 499 2639 videndum
518 2580 564 2634 est
586 2593 626 2635 an
647 2571 806 2635 laboranti
820 2570 978 2633 subveniri
994 2593 1068 2659 pos·

93 2688 145 2750 eit.
191 2688 238 2750 Ac
258 2687 398 2777 primurn
422 2681 563 2771 iniquum
589 2682 691 2746 estin
714 2680 857 2745 oratione
875 2679 982 2745 Attica
994 2703 1066 2746 car·

93 2794 199 2886 penda
222 2793 399 2885 producere
421 2791 527 2875 locos,
561 2814 639 2880 quos
664 2793 733 2881 ipse
757 2790 842 2855 ultro
867 2791 1084 2881 corruperis,·

13 3003 16 3007 ι
95 2927 134 2971 ex
150 2928 214 2993 quo
228 2927 344 2995 genere
361 2919 405 2969 est
420 2901 535 2971 έλεῖτον
552 2902 635 2993 apud
650 2903 766 3007 Athen.
779 2900 822 2967 X.
839 2924 912 2993 pag.
931 2900 1006 2982 456.
1023 2905 1063 2970 Α.

328 3094 358 3123 ⁴..
465 3056 516 3109 δύο
535 3059 565 3109 δ’
582 3057 667 3110 αὐτὸν
685 3059 797 3121 δαίμον’
814 3055 932 3113 distros.
958 3110 964 3120 ,

95 3206 127 3257 et
141 3195 199 3278 πρὸ
222 3195 317 3298 χειρὸς
338 3144 418 3277 i'xtw
439 3185 518 3252 ibid.
542 3184 615 3252 XV.
639 3210 673 3276 p.
701 3183 778 3252 665.
802 3187 839 3252 Β.

184 3342 221 3402 τῇ
235 3335 321 3388 παιδὶ
336 3334 402 3394 rode
419 3331 520 3389 attone
537 3331 619 3402 ἐχρῆν
636 3332 693 3402 ἤδη
711 3332 763 3402 πρὸ
781 3332 872 3404 χειρὸς
888 3323 971 3386 εἶναι.
1047 3374 1049 3379 ,

92 3471 176 3534 Nam
197 3472 231 3532 in
251 3471 358 3557 priore
378 3469 454 3534 loco
475 3465 579 3534 Codd.
605 3490 657 3556 ap.
680 3463 778 3532 Dind.
798 3468 933 3552 i'xetror,
956 3467 1064 3552 ἔχητον

93 3594 149 3644 aut
174 3581 276 3667 ἔχετον
299 3580 433 3659 babent,
462 3600 520 3665 pro
540 3601 603 3666 quo
626 3578 710 3642 bene
731 3575 913 3640 Dindorlius
927 3576 1063 3643 Iacobsii

92 3689 311 3756 coniecturam
331 3691 449 3756 ὀλεῖτον
470 3690 608 3776 recepit:
633 3702 666 3750 at
687 3682 861 3751 Mein'elrius
879 3685 913 3750 in
928 3682 1058 3776 Frn'gm.

94 3803 134 3866 P.
165 3800 200 3866 C.
229 3823 301 3889 pag.
329 3800 406 3878 413.
433 3800 546 3868 {leison
570 3798 699 3880 maluit,
734 3797 857 3863 scilicet
882 3800 957 3885 quia·
975 3790 1063 3888 apud

93 3913 261 3977 Platonem
285 3904 444 3998 complura
463 3911 598 3976 lnbentn
609 3917 794 3998 graecitatis
809 3902 1064 3999 1011ὶὸ4αᾶ0010-

95 4022 283 4088 henduntur.
314 4021 468 4090 Similiter
481 4023 516 4088 in
531 4021 631 4087 altero
646 4021 722 4087 loco
728 4069 741 4105 ,1
753 4045 849 4109 quum
862 4020 937 4085 libri
953 4042 1063 4086 omnes

801 4178 806 4185 .
895 4129 914 4192 8
