2618 4934
502 432 505 440 ι
534 387 582 453 83

67 594 98 657 d'
120 596 173 657 ἐπὶ
189 595 233 676 τῷ
252 598 404 657 σκώπτειν
421 594 483 669 ριὲν
501 590 692 675 Εὐριπίδην,
714 603 871 676 μιμεῖσθαι
887 598 916 663 d'
933 600 1038 667 αὐτόν.

70 710 235 790 Κρατῖνος·

402 812 445 867 τίς
459 808 493 862 di
511 810 566 871 οὓς
584 811 686 875 κομψός
700 814 845 885 τις-ἔροιτο
862 820 978 885 θεατής·

118 902 377 968 Ὗννολινιτόλιγις,
394 900 622 969 praemuniatur,
642 901 964 977 εὐριπιδαριςορανίζων.

62 1070 109 1084 -
133 1035 346 1119 Ἀριςόιννριος
377 1030 407 1097 δ’
430 1034 466 1098 ἐν
489 1032 593 1116 Ἡλίῳ
622 1036 757 1119 ριγοῦντι
779 1041 832 1103 ταί
853 1041 1037 1131 Σαννυρίων

34 1212 37 1217 ,
63 1152 100 1215 ἐν
120 1146 241 1214 Palma
262 1141 384 1225 τετράδι
402 1143 497 1222 φασίν
518 1144 613 1211 αὐτὸν
635 1145 796 1229 γενέσθαι,
820 1148 868 1214 διὸ
890 1154 943 1218 τὸν
966 1154 1036 1239 βίον

61 1258 243 1342 κατέτριψεν
272 1253 399 1338 ἑτέρως’
417 1257 533 1320 πονῶν.
557 1286 601 1300 -
625 1257 825 1340 Κωμῳδεῖται
854 1261 887 1326 δὲ
915 1263 964 1327 ὅτι
983 1265 1036 1329 ναὶ

64 1366 184 1455 (malim
199 1369 253 1433 ταί
265 1362 327 1452 ὅτι)
345 1367 381 1428 τὸ
396 1370 451 1445 τῆς
463 1368 580 1448 εἰρήνης
592 1364 765 1436 τοίτιισσινόν
778 1370 880 1456 ἐξῆρεν
893 1371 1033 1456 ἄγαίρια,

62 1477 199 1553 Εὔπολις
217 1476 405 1559 Attumne,
436 1475 597 1542 Πλάτων
623 1478 776 1555 Νίτητις.

108 1585 259 1652 Videmus
279 1584 439 1653 eruditum
462 1585 615 1649 Criticum
630 1586 770 1654 studiose
784 1606 927 1656 enatasse
945 1593 1033 1658 varia

60 1698 252 1789 opprobria,
269 1697 380 1784 quihus
390 1696 637 1784 Aristophanem
651 1698 799 1785 aequales
811 1706 926 1788 poetae
941 1718 1032 1799 erant

61 1806 220 1872 cavillari:
239 1804 489 1871 crediderisdere
505 1807 668 1871 eo=animo
683 1830 750 1873 esso
764 1808 914 1893 collecta,
929 1826 964 1875 ut
978 1834 1029 1900 ap·

60 1929 190 2005 pareret
213 1914 361 1998 Poetam,
383 1916 436 2004 qui
451 1916 616 1982 Socratem
630 1933 696 1982 tam
711 1916 817 2007 lepide
834 1921 1030 2008 perstrinxis-

61 2040 128 2107 set,
143 2047 202 2089 nec
216 2024 319 2113 ipsum
333 2024 574 2092 maledicentiae
588 2027 652 2093 tela
667 2027 806 2118 effugere
821 2031 969 2118 potuisse.
989 2030 1031 2095 Et

60 2150 168 2201 cetera
190 2132 319 2221 quidem
340 2151 418 2200 'tunt
441 2138 622 2225 perspicua:
642 2135 697 2201 diu
719 2155 830 2204 contra
849 2140 1029 2230 ignoratum

61 2260 125 2328 est,
154 2243 230 2334 quid
251 2242 416 2332 Eupolidis
440 2262 473 2310 et
494 2247 635 2311 Platonis
657 2248 824 2313 dicterium
839 2253 899 2317 sibi
915 2253 1028 2336 vellet,

61 2377 161 2446 eaque
188 2356 333 2421 homines
363 2352 453 2430 docti
479 2356 759 2442 excogitaverunt,
781 2381 877 2443 *quae
902 2364 1028 2428 silentio

58 2466 230 2556 praeteu're
244 2464 338 2529 satius
354 2464 502 2528 arbitror.

73 2620 76 2629 ·
101 2576 259 2642 Tandem
274 2597 387 2641 renam
409 2568 498 2634 *vidit
517 2569 728 2635 *Dindorl'mst
761 2594 892 2661 nempe·
905 2591 1026 2663 spectat

55 2686 218 2774 utriusque
232 2683 391 2751 cavillatio
407 2678 448 2744 ad
461 2679 681 2769 Aristophanis
692 2679 809 2743 Pacem
817 2695 873 2762 ‚··et
886 2681 1026 2748 ludibrio

55 2797 194 2866 hahetur
217 2819 255 2860 ea
280 2791 405 2859 fabulae
430 2791 597 2881 pars‚·uhi
612 2791 730 2857 :rustici
749 2790 841 2857 Pacis
854 2793 1024 2884 imaginem

20 2896 30 2965 '.
55 2904 273 2996 magnitudine
285 2927 322 2968 ac
334 2902 435 2968 forma
448 2903 696 2991 supra-homines
711 2902 917 2971 excellentem
925 2903 1022 2995 (unde

24 2998 29 3007 ’
54 3017 103 3083 illi
124 3014 279 3082 invidiose
298 3012 482 3101 ιοίωσιιιόν)
502 3012 741 3079 multooudore
761 3029 794 3080 ct
809 3018 966 3082 aerumnis
981 3041 1021 3083 ex

54 3143 146 3195 antro
175 3127 370 3192 extrahentes
388 3122 581 3214 (ἐξαίροντες)
594 3125 833 3212 exhibebantur,
848 3127 922 3199 vide
936 3130 1015 3194 Pac.
1075 3172 1077 3177 ·

54 3261 101 3304 vs.
118 3236 303 3317 458-520.
348 3236 421 3302 Hoc
435 3234 590 3325 igitur-illi
603 3235 767 3300 intentum
781 3240 896 3305 acerbe
910 3236 1018 3324 explo·.

53 3358 178 3429 serunt,
203 3371 268 3412 non
297 3345 395 3429 adeo,
424 3346 555 3435 opinor,
580 3346 729 3433 quoniam
742 3346 806 3412 sihi
822 3346 969 3436 frigidum
982 3361 1018 3412 et

53 3455 219 3546 illepidum
246 3456 429 3540 videbatur,
458 3455 531 3539 sed,
556 3454 697 3544 quodin
718 3454 875 3546 Eupolide
895 3471 1017 3521 eertum

53 3582 119 3648 est,
143 3565 233 3628 simul
251 3564 368 3630 invidia
380 3567 501 3632 incensi
516 3581 548 3630 ct
561 3570 604 3630 nc
619 3565 775 3647 convicia,
800 3564 912 3653 quibus
930 3565 1014 3652 ipsos
1053 3566 1054 3571 ’

54 3679 195 3743 illuserat
209 3675 448 3763 Aristophanes,
468 3676 598 3765 impune
619 3673 702 3739 ferre
715 3672 882 3739 videretur.
927 3675 1015 3740 Mor·

56 3782 152 3855 debat
169 3783 350 3850 iamdudum
366 3785 553 3874 Eupolidem
573 3807 660 3850 suam
682 3786 815 3875 gloriam
836 3783 944 3850 divino
962 3785 1016 3852 ad·

55 3897 183 3966 versarii
196 3894 324 3985 ingenio
340 3896 509 3963 obscurari.
547 3895 688 3960 Primum
703 3911 882 3962 nascentem
895 3896 1017 3962 Aristo·

55 4008 164 4098 phauis
192 4005 318 4072 laudem
348 4029 451 4094 aequo
477 4007 584 4072 animo
609 4007 714 4074 tulisse
742 4024 775 4075 et
798 4009 895 4077 etiam
917 4009 1019 4075 amico
