2618 4934
613 371 683 435 tlt

166 602 205 675 p⁰⁴
228 578 324 667 θήῃ,
348 586 484 668 quorem
506 566 721 665 moralissimi
735 571 821 646 aaa&
834 569 1015 667 supplevit,
1032 581 1136 646 minus

167 674 277 773 recte,
297 675 430 777 opinor,
448 673 520 776 quia
534 674 721 753 hesiodum
734 677 892 757 nominari
906 682 1021 778 potuis.
1036 691 1138 757 Aliae

166 800 378 882 Hermannus,
394 783 447 886 qui
461 785 680 888 maiijhnhss
693 800 805 888 primo
813 801 916 866 versui
931 799 1137 890 deessep'nttr-

153 912 238 996 bat,
251 946 254 951 .
265 893 297 977 et
317 938 347 978 rr
362 925 439 974 ante
451 909 526 979 ilar
536 897 687 981 bseruitr
704 902 817 979 eadem
829 911 912 977 ratio
925 901 1050 1000 placuit¹
1059 911 1136 978 llil·

166 1040 253 1089 stero
275 1022 316 1088 de
341 1020 462 1087 Pcrab.
484 1044 557 1112 pag.
577 1021 630 1086 26.
675 1020 739 1087 Sed
753 1004 1138 1113 languetistttdtttteque

165 1133 239 1202 Aius
250 1129 334 1221 apud
347 1131 497 1196 Comicos
509 1130 643 1217 primam
654 1131 816 1220 corripere
826 1152 919 1220 posse
932 1131 1068 1196 arbitror
1076 1131 1134 1219 (r):

165 1244 254 1309 cuius
266 1243 314 1308 rei
330 1240 418 1330 quod
431 1241 562 1304 unicum
577 1255 624 1304 est
638 1241 672 1305 in
688 1241 900 1330 Aristophane
915 1241 1092 1331 exemplum
1103 1243 1137 1306 in

166 1351 204 1418 in
218 1355 254 1420 V
248 1377 314 1442 esp.
331 1375 376 1417 vs.
394 1351 470 1440 872.
488 1349 572 1414 bene
588 1351 724 1416 correxit
739 1351 848 1418 Elmsl.
866 1350 907 1417 ad
920 1353 1030 1440 Eurip.
1047 1352 1135 1417 Med.

170 1485 218 1529 vs.
245 1466 320 1550 899.
366 1460 543 1526 Praestabit
564 1459 695 1527 fortasse
711 1478 784 1550 post
797 1462 869 1531 Mas
884 1460 1068 1551 adverbium
1083 1461 1139 1527 ali-

172 1573 277 1665 quod,
295 1579 444 1661 κρατερῶς
462 1586 518 1636 aut
531 1571 633 1637 simile
649 1571 743 1661 quid,
757 1574 971 1663 interponere.

212 1686 370 1774 Expositis
396 1684 493 1773 igitur
517 1704 614 1770 quarn
634 1683 725 1773 potui
745 1681 979 1772 diligentissime
1002 1704 1081 1771 quae
1096 1680 1138 1746 ad
1192 1712 1198 1733 s

166 1796 253 1860 hanc
262 1796 479 1881 quaestionem
492 1792 709 1860 illustrandam
722 1793 828 1859 facere
842 1791 1042 1876 viderentru,
1054 1793 1137 1857 hanc

170 1904 259 1992 quasi
287 1901 454 1992 quamdam
477 1919 735 1994 argumentorum
760 1926 917 1968 summam
945 1903 1134 1993 colligimus.

168 2009 264 2078 Prior
288 2013 400 2099 Plato,
430 2036 527 2102 quern
551 2014 672 2080 invidia
698 2016 849 2098 vexabat,
875 2013 1137 2104 praestantiorem

167 2124 325 2190 aemulum
352 2123 531 2190 cavillando
556 2124 727 2204 lacessivit,
751 2127 882 2213 risitque
908 2140 1037 2192 cautum
1057 2128 1136 2214 poi·

166 2251 246 2315 tam,
271 2235 325 2322 qui
344 2233 506 2313 nonsibi,
523 2230 580 2297 sed
594 2233 662 2295 aliis
680 2233 954 2300 incessentes
993 2233 1136 2321 Respon·
1183 2295 1185 2298 ,

165 2341 214 2408 dit
224 2343 450 2430 Aristophanes
465 2339 569 2403 facete
583 2335 833 2424 explodendisin
846 2341 958 2426 Vcapts
969 2341 1042 2405 etin
1051 2344 1137 2408 Pace

166 2452 288 2544 frigidis
301 2447 471 2516 adversarii
483 2466 581 2534 quum
590 2443 671 2508 iocis
682 2447 964 2533 tumargnmentis.
988 2446 1137 2532 Sequenti

132 2586 134 2590 ·
167 2585 254 2628 anno
290 2561 425 2626 similem
455 2554 634 2622 irrisionem
665 2552 700 2618 in
727 2556 845 2620 Pacem
879 2554 972 2621 Plato
997 2555 1135 2626 iactavit.

166 2673 339 2759 Aliquanto
352 2684 426 2760 post
436 2661 662 2755 Aristophanes
672 2666 706 2730 in
720 2664 861 2732 editione
873 2665 1028 2749 Nullum,
1040 2690 1136 2756 quurn

124 2818 126 2829 ·
169 2785 302 2867 ceteris,
332 2780 388 2848 sed
414 2778 567 2869 imprimis
588 2776 716 2842 Platoni
740 2777 861 2844 obiecit
879 2777 1074 2843 sterilitatem
1091 2778 1137 2843 in·

169 2893 270 2985 genii,
300 2894 353 2980 qui
383 2890 557 2956 obsoletam
578 2889 724 2954 iocorum
748 2889 931 2977 materiem,
960 2889 1136 2956 irrisionem

169 3003 363 3093 Hyperboli,
392 3000 513 3069 dudum
528 3022 547 3065 a
568 3021 602 3064 se
616 3000 687 3088 ipso
702 2999 901 3084 exhaustam,
919 2997 960 3064 ad
974 2999 1134 3066 fastidium

165 3138 265 3203 usque
294 3126 513 3202 recoquerent.
568 3108 665 3190 Quod
689 3111 825 3174 maxime
851 3109 1016 3175 Platonem
1043 3133 1135 3176 urere

166 3226 292 3308 debuit,
322 3224 472 3312 quoniam
501 3221 644 3286 omniurn
671 3236 829 3286 extremus
849 3221 1058 3309 Hyperbolum
1074 3222 1133 3287 do·

169 3334 292 3400 cuisset.
335 3335 480 3422 Denique
506 3329 630 3397 dehac
657 3345 711 3396 aut
734 3329 828 3394 simili
852 3330 1044 3397 contumelia
1059 3355 1132 3398 cum

166 3443 377 3531 Aristophane
406 3446 441 3511 in
468 3442 616 3508 Parabasi
652 3442 835 3527 Hariapr'ao
849 3440 1061 3532 expostulasse
1090 3445 1133 3507 vi·

167 3554 270 3620 detur.

198 3810 242 3881 (t)
261 3808 323 3862 vit.
340 3809 419 3863 trin.
434 3806 551 3860 Asbora.
569 3808 630 3860 638.
646 3805 719 3857 Nol.
737 3803 803 3868 stt,
821 3803 880 3856 717.
901 3804 967 3857 Pac.
981 3805 1024 3858 88.
1041 3808 1136 3861 Eccle-

148 3890 299 3954 ''stastat
317 3892 451 3946 Excidisss
465 3891 565 3946 ridetur
578 3890 640 3941 tter
655 3889 685 3949 irs
701 3889 779 3956 Vcap.
792 3904 830 3940 rs.
846 3887 907 3945 28⁷.
920 3888 965 3941 ubl
980 3889 1056 3943 oredo
1068 3890 1132 3963 lege

163 3981 242 4050 Mat*
263 3969 346 4036 adeste
361 3977 441 4030 iudea
455 3977 554 4028 σαυτὸν
569 3972 642 4041 padi
662 3971 725 4023 lius
742 3971 899 4066 ripariam,
