2618 4934
564 363 608 426 35

142 560 266 636 Vocem
286 573 474 655 ξυγγραφεύς
489 576 592 633 autem
608 569 729 634 babere·
740 570 793 634 bic
808 573 872 635 vim
878 571 1064 660 forensem,

97 683 140 748 de
162 704 224 770 qua
251 678 291 744 ad
314 678 648 767 Thesmophoriazusas
673 677 834 745 dicturum
859 703 893 746 se
908 683 1066 771 pollicitus

22 839 26 847 ·
97 793 195 859 iidem
219 813 286 855 non
313 789 405 854 solvit
427 787 485 876 (1).
531 788 648 854 Mirum
678 813 744 856 non
771 794 960 857 estuemini
985 795 1067 869 hanc

97 905 313 968 coniecturam
335 899 504 989 placuisse,
526 914 559 964 et
579 900 714 966 multum
736 918 864 986 vereor,
886 920 921 968 ut
935 927 1008 970 eam
1021 882 1079 971 rit·⁸

97 1014 212 1078 feracis
228 1009 345 1100 ingenii
356 1009 414 1072 sibi
429 1006 496 1096 ip'se
507 1010 701 1098 probaverit.
725 1011 810 1076 Nam
820 1017 1069 1102 nequewanatt

97 1120 173 1210 quid
196 1122 237 1184 sit
262 1117 405 1208 expediti
433 1134 555 1206 potest,
580 1140 682 1207 neque
705 1122 869 1208 ξυγγραφῆ.
883 1124 957 1187 satis
978 1141 1066 1190 necte

94 1233 199 1296 Attice
215 1224 411 1318 diciturpro
426 1230 617 1312 ξυγγραφέα,
641 1245 709 1295 tum
724 1233 913 1317 ξυγγραφεδς
924 1238 988 1302 τῶν
1011 1261 1064 1317 με·

51 1367 54 1370 “
96 1343 172 1411 λέων
189 1346 330 1425 ποιητῶν
355 1337 608 1426 detorquendam
631 1340 692 1404 erit
710 1340 745 1406 in
766 1342 841 1408 eam‘
857 1345 1063 1425 sententiatos

97 1472 276 1539 quam‘usus
292 1449 471 1513 Atticorum
489 1449 617 1536 respuit.
662 1449 807 1539 Denique
821 1452 847 1516 si
861 1452 914 1518 vel
930 1455 1066 1519 maxime

96 1563 175 1627 haec
195 1560 302 1626 omnia
320 1559 366 1623 sic
386 1559 487 1648 accipi
499 1573 643 1647 possent,
661 1558 752 1646 qnid,
768 1581 900 1647 quaeso,
915 1562 993 1648 fuit,
1009 1586 1066 1629 cur

92 1667 396 1758 'Aristophanesrem
406 1666 676 1750 oiimobsoletam‚
685 1670 802 1758 qnippe
810 1669 989 1756 quindecim
998 1672 1066 1737 fere

95 1781 186 1845 annis
196 1792 270 1843 ante
281 1778 496 1859 commissam,
509 1799 596 1841 nunc
606 1775 735 1842 demum
747 1777 862 1842 acriter
873 1779 1066 1869 exagitaret?

143 1886 208 1953 Sed
226 1887 444 1974 Aristophanis
464 1885 553 1951 locus
574 1908 640 1951 non
661 1886 930 1975 itaaccipiendus
946 1904 1011 1972 est,
1034 1905 1068 1956 et

96 1993 284 2088 quamquam
307 1995 455 2076 mendam
485 1997 612 2061 subesse
637 2019 656 2061 e
679 1995 783 2062 forma
807 1999 964 2084 ξυγγραφῆ
992 2001 1067 2065 satis

96 2126 216 2175 certum
240 2124 315 2191 est,·
334 2107 562 2197 respiciturque
586 2105 720 2194 aliquid,
751 2106 839 2194 quod
863 2131 923 2173 nos
946 2107 1063 2199 fugiat,

96 2223 157 2286 boc
187 2234 275 2284 certe
310 2218 373 2281 iliis
402 2217 506 2282 verbis
536 2217 702 2304 perspicue
727 2216 940 2304 significatur,
973 2220 1067 2285 Anti·

93 2330 261 2407 maehum,
285 2348 381 2414 mum
396 2327 429 2391 in
444 2325 532 2391 festis
547 2325 679 2387 Lenaeis
695 2325 850 2413 choragus
864 2344 964 2411 esset,
985 2329 1068 2396 sole.

93 2461 169 2504 mue
184 2434 383 2517 convivium,
408 2456 473 2522 quo
488 2447 562 2519 post
577 2429 669 2494 ludos
683 2431 853 2496 choreutae
869 2437 971 2522 excipi
986 2439 1068 2503 solc-

89 2551 189 2632 bant,
205 2544 362 2612 sordidius
377 2542 530 2609 omisisse.
554 2540 606 2603 Ac
619 2553 782 2603 recentem
795 2539 891 2606 tuisse
905 2543 1068 2630 iniuriam,

94 2658 135 2723 de
152 2679 214 2746 qua
229 2650 409 2721 Choreutae
424 2664 675 2737 conquerantur,
698 2671 736 2714 ex
750 2664 821 2714 toto
836 2653 977 2717 carmine
992 2655 1067 2720 satis

95 2782 244 2857 apparet:
257 2788 325 2831 non
340 2759 482 2850 intelligo
495 2774 617 2842 tumen,
635 2760 688 2846 qui
696 2758 873 2825 Meinekius
885 2761 918 2826 in
927 2764 970 2829 H.
985 2764 1018 2829 C.
1029 2765 1064 2832 C.

94 2901 169 2968 pag.
186 2875 252 2956 41.z
264 2898 331 2940 non
353 2871 496 2936 dubitare
517 2893 551 2935 se
569 2868 674 2953 dicat,
694 2872 770 2958 quin
785 2870 819 2936 id
834 2871 954 2939 factum
968 2876 1009 2939 sit
1024 2899 1065 2943 eo
1165 2874 1169 2881 ’

93 2990 163 3078 ipso
189 3002 350 3074 tempore,
378 3003 443 3070 quo
466 2980 690 3046 Actamenns
714 2980 915 3050 docerentur.
962 2985 1064 3077 Magis

93 3101 188 3164 etiam
209 3097 326 3161 mirum
341 3090 475 3174 accidit,
500 3113 558 3154 cur
572 3091 617 3154 ob
631 3090 790 3177 tantillam
802 3115 871 3158 rem
887 3105 957 3159 toto
972 3097 1064 3162 chori
1165 3165 1174 3192 ,

93 3209 232 3274 carmine
267 3207 439 3272 obscurum
463 3202 568 3274 ‘istum
603 3201 774 3292 hominem·
791 3203 901 3294 ‘lepide
931 3206 1064 3271 irriserit

80 3329 153 3383 'vsa
184 3314 381 3404 ubo-1173.
433 3309 496 3377 Sed
521 3309 674 3400 quidquid
701 3312 798 3396 latet,
821 3313 911 3380 .illud
941 3329 1062 3380 certum

93 3442 159 3508 est,
183 3424 223 3490 de
248 3423 427 3491 coercenda
447 3421 640 3488 Comoediae
664 3423 792 3489 licentia
812 3424 863 3488 his
879 3440 965 3489 certe
982 3435 1062 3491 tem·

92 3536 224 3627 poribus
259 3520 419 3600 neminem
458 3533 596 3623 cogitare
632 3532 810 3621 potuisset·
828 3534 945 3623 qnippe
976 3535 1062 3623 quod
1088 3551 1089 3554 ’

92 3643 222 3714 nonnisi
249 3644 282 3706 in
301 3645 398 3708 rebus
422 3640 555 3707 turbidis
582 3626 760 3726 afflictaque
774 3638 893 3731 ¹populi
919 3648 1062 3732 potentia

93 3775 244 3848 nmquam
266 3753 406 3841 potuerit
428 3753 565 3817 evenire.
611 3746 675 3816 Sed
690 3748 764 3837 quid
780 3753 884 3820 verbis
899 3776 978 3843 opus
992 3771 1059 3840 est,

41 4021 45 4026 ·
122 4002 165 4071 (1)
184 3996 339 4054 stiantius
355 3996 384 4050 in
406 3994 520 4060 Quaem.
538 3992 673 4062 Aristopt.
690 4009 750 4063 peg.
767 3993 827 4045 306.
