2618 4934
632 376 693 447 1⁰7

170 607 243 651 rum
254 598 420 649 auctorem
428 581 541 651 referri
552 578 677 647 solitam
691 579 784 646 baisse
796 578 935 647 dubitari
947 607 1012 651 uon
1024 601 1140 674 potest.

170 693 285 782 Neque
293 690 416 762 diversa
429 693 490 759 fuit
498 692 580 761 ratio
586 689 839 775 comoediarum,
848 715 926 780 quas
939 693 1057 761 iuvenis
1065 697 1142 762 scri·

170 805 252 894 psitr
282 804 404 870 scilicet
422 826 487 873 non
509 824 598 868 seous
616 802 650 866 iu
675 802 934 869 Acharnenrr'dus
959 819 1013 879 aut
1030 804 1142 894 Vespis

134 956 139 968 ·
168 937 211 981 ex
233 938 290 981 sua
313 913 409 1003 ipsius
429 934 564 1002 persona
578 911 620 978 de
635 935 669 978 se
685 914 839 1002 rebusque
853 914 917 979 suis
931 938 1006 980 cum
1020 932 1141 1007 speeta-

168 1025 294 1091 ton‘bus
317 1040 463 1114 agentem
486 1022 648 1106 ridemus,
673 1046 768 1111 quam
792 1024 883 1091 iniis
905 1023 1037 1110 fabulis,
1067 1050 1143 1114 quas

165 1131 278 1199 docuit
291 1133 375 1221 ipse:
392 1128 466 1197 ride
481 1130 624 1198 Aetam.
641 1153 688 1199 rs.
706 1131 782 1221 377.
798 1155 868 1220 sqq.
883 1133 960 1201 628.
971 1157 1044 1223 sqq.
1062 1135 1141 1200 Ves-

162 1266 278 1335 pnnmr
303 1241 474 1309 Parrhasio
497 1263 544 1313 rs.
567 1240 661 1309 1015.
672 1262 748 1329 sqq.
794 1243 888 1311 Cuius
914 1244 960 1311 rei
987 1268 1080 1310 causa
1105 1246 1141 1313 iu

164 1369 297 1445 promtu
322 1369 382 1421 est.
427 1351 539 1417 Potuit
565 1373 681 1442 nempe
706 1352 742 1419 in
764 1354 873 1442 primis
894 1353 1006 1421 fabulis
1029 1371 1141 1439 auctor

166 1464 287 1533 lateret
309 1462 366 1530 ted
383 1463 496 1531 statim
514 1477 600 1561 post⁸
614 1464 799 1529 commissos
813 1465 847 1529 iu
860 1487 989 1531 scenam
1002 1466 1139 1549 Babylo·

167 1582 285 1653 nisset
295 1591 421 1645 atroces
434 1573 562 1641 Cleonis
575 1573 810 1641 criminationes
824 1598 944 1642 nomen
955 1577 1140 1666 Aristopha-

166 1686 216 1752 nis
238 1683 281 1755 ad
301 1702 416 1755 omnes
441 1685 619 1773 pervenisse
644 1684 748 1774 palam
763 1700 826 1769 est,
846 1682 1045 1773 eundemque
1060 1686 1140 1753 Poe·

167 1811 238 1863 tam
263 1796 300 1861 in
324 1796 522 1882 aequantibus
546 1794 661 1862 fabulis
680 1795 923 1887 nullanegotia
946 1810 1141 1884 spectatores

170 1905 394 1996 agnoscebant.
437 1904 483 1983 Si:
497 1929 592 1995 quem
605 1923 711 1975 autem
722 1907 834 1977 ¹mirari
848 1906 959 1989 subit„
975 1904 1139 1994 quomodo

169 2015 305 2098 Poetae„
328 2012 463 2104 quorum
485 2017 603 2093 auxilio
623 2033 657 2084 et
675 2041 774 2108 opera
795 2016 1023 2106 Aristophanes
1038 2030 1141 2082 utere·

160 2142 238 2209 tur,
257 2127 332 2199 satis
357 2128 446 2197 unni
466 2125 561 2195 laude
586 2127 745 2218 eleganter
764 2143 855 2195 actae
875 2125 1003 2209 fabulae
1016 2125 1139 2195 alienae

122 2294 126 2307 ,
167 2234 331 2325 potuerint
357 2234 729 2322 acquiescere,‚reputet
743 2237 858 2318 velim,
882 2238 992 2323 quales
1011 2236 1140 2303 biPot'i·

166 2361 220 2413 tae
242 2342 381 2423 suerint,
415 2341 470 2429 qui
496 2342 615 2425 alienas
632 2341 756 2424 Musas,
779 2342 866 2409 baud
881 2367 970 2411 seem
986 2360 1078 2432 atque
1092 2349 1139 2413 hi-

165 2452 371 2536 striones,.in
384 2473 513 2532 scenam
527 2445 766 2539 producebant,¹
804 2450 930 2537 Nempe
945 2452 1072 2517 obscuri
1084 2459 1140 2523 ho-

166 2565 283 2644 mines,
302 2563 356 2651 qui
371 2584 468 2650 quum
482 2559 546 2627 suis
559 2557 701 2627 nasibus
715 2544 782 2647 pon
797 2556 893 2623 facile
907 2558 1024 2625 famam
1033 2583 1140 2633 essent

167 2674 384 2757 consecuturi,
406 2668 491 2737 baud
513 2668 683 2751 illubeuter
709 2670 744 2734 in
758 2666 944 2739 exhibendis
961 2671 1139 2761 praeclaro.

166 2805 242 2853 rum
257 2783 427 2849 Poetarum
451 2780 640 2847 carminibus
655 2780 913 2872 occupabantur,
937 2780 1021 2849 unde
1037 2796 1069 2850 et
1084 2809 1138 2852 no-

169 2916 247 2961 meu
265 2891 394 2981 aliquod
417 2908 451 2957 et
469 2914 566 2981 saepe
586 2892 741 2957 victoriae
756 2891 897 2959 bonores
911 2908 944 2958 et
956 2892 1070 2984 gaudia
1084 2921 1137 2965 ca·

167 3003 311 3094 piebaut.
342 3002 456 3090 Neque
471 3001 639 3067 Callistrati
654 3001 719 3068 ulla
731 3017 832 3069 exstat
846 3005 1017 3090 memoria,
1035 3031 1137 3097 neque

166 3113 377 3197 Demostrati,
398 3128 622 3202 praeterquam
643 3111 730 3200 quod
750 3113 968 3202 Aristophanis
982 3132 1016 3181 et
1030 3117 1137 3207 Eupo-

167 3223 240 3291 lidis
255 3224 376 3312 aliquot
389 3224 509 3289 fabulas
524 3222 710 3291 docuerunt
755 3221 931 3291 Philonidis
942 3249 1137 3294 commemo·

167 3349 276 3399 rantur
296 3357 414 3423 pauca:
453 3334 526 3400 ride
547 3333 674 3401 Hauov.
691 3334 850 3427 Evam.
872 3334 949 3403 crit.
968 3359 1039 3426 cap.
1058 3361 1083 3404 1.
1101 3355 1134 3404 et

170 3443 309 3511 Meinek.
323 3447 374 3523 H.
394 3446 430 3512 C.
451 3445 581 3535 C.·pag.
603 3464 763 3533 roms..
780 3441 837 3509 sed
852 3466 917 3509 non
933 3445 960 3509 is
974 3463 1057 3526 erat,
1082 3451 1135 3537 qui
1257 3474 1261 3487 ·

172 3575 247 3619 cum
271 3554 448 3641 aequalibus
467 3551 660 3620 Comoediae
682 3551 879 3645 principibus
904 3553 977 3618 satis
1000 3553 1135 3624 feliciter

169 3661 396 3746 contenderem
420 3665 625 3753 quamobrem
648 3663 752 3753 plures
776 3662 995 3752 Aristophanis
1016 3665 1135 3737 fabulas

164 3798 246 3851 ,eum
262 3776 359 3865 egisse
375 3798 469 3862 quam
485 3798 571 3860 suas,
589 3773 667 3841 nihil
684 3789 731 3839 est
753 3770 837 3860 quod
861 3775 1021 3843 miremur.

216 3883 309 3949 Hanc
324 3898 430 3949 tamen
444 3883 660 3974 Ar'utophanis
675 3882 863 3953 modestiam
878 3887 1021 3975 aequales
1029 3890 1134 3957 Cosm-
1225 3889 1227 3896 ’

173 3995 221 4078 ci,
239 4016 380 4083 ,quorum
394 3993 480 4065 laudi
493 3997 710 4085 maximopere
725 3995 899 4085 officiebat,
913 4000 1036 4092 saepius
1052 4026 1135 4069 mor·
