2618 4934
751 374 795 440 su

292 581 371 644 bont
393 578 597 642 comicorum
612 597 734 659 morer,
755 577 789 641 in
802 577 935 642 invisum
949 580 1115 649 hominem
1130 588 1263 678 aliquod

290 687 543 754 contumeliosius
565 686 685 753 dictum
707 687 793 754 iecit.
842 688 1084 780 Aristophanes,
1110 698 1165 790 qui
1184 703 1259 767 reli.

291 822 369 888 quos
394 821 504 864 omnes
537 796 670 862 mirifice
698 798 885 886 spernebat,
916 803 1060 890 reposuit
1091 811 1256 895 nonnihil,

290 909 377 998 quod
397 907 538 975 invidum
558 906 642 972 male
660 923 793 973 ureretr.
806 931 867 996 qua
882 931 965 976 nova
979 918 1173 984 contumelia
1186 921 1258 987 irri.

288 1035 369 1087 tatus
396 1021 430 1084 in
457 1018 564 1085 fabula
585 1019 720 1102 Νίοοις,
748 1040 840 1105 quem
861 1019 921 1085 sibi
942 1039 1102 1110 praestare
1127 1028 1258 1119 ingenio

289 1131 412 1221 egregie
426 1143 573 1211 noverat,
595 1151 685 1211 eum,
708 1127 823 1211 utilit,
843 1127 927 1194 futili
941 1135 1189 1223 reprehensione
1208 1126 1259 1207 ro·

289 1239 365 1305 dere
387 1240 504 1328 coepit,
647 1311 650 1321 ,

332 1351 421 1415 Haec
435 1350 461 1414 si
477 1349 545 1437 quis
557 1348 625 1413 ueri
636 1347 777 1437 speciem
790 1347 909 1415 hahere
923 1351 1095 1439 concedet,
1120 1358 1258 1427 circum·

287 1459 481 1554 spiciendnm
509 1474 578 1542 est,
603 1458 717 1547 ecquid
744 1459 779 1523 in
803 1460 1043 1551 Aristophanen
1070 1467 1256 1538 Comoediis

286 1573 383 1638 lateat
403 1571 566 1659 obscurius
590 1569 725 1653 dictum,
747 1568 836 1657 quod
851 1569 891 1635 ad
905 1571 988 1637 hanc
1003 1575 1257 1664 explorationem

286 1682 461 1748 adhibitum
484 1680 578 1745 simul
600 1679 748 1745 illustrari
762 1681 861 1769 possit
875 1697 909 1746 et
921 1685 1256 1774 suspicionem-incer·

287 1809 353 1860 tam
378 1791 454 1858 dare
480 1790 605 1882 egregie
628 1789 860 1858 confirmatam.
916 1791 1010 1873 Prius
1033 1813 1161 1882 autem,
1190 1824 1256 1890 quo

285 1905 403 1969 certior
417 1902 647 1991 argumentatio
663 1900 737 1983 lint,
761 1900 990 1969 ostendendum
1005 1922 1070 1988 est,
1087 1930 1151 1995 quc
1167 1935 1254 1978 anno

229 2070 231 2075 ⁴
262 2074 265 2090 ,
286 2013 378 2078 Plato
400 2014 505 2087 Νίκας
528 2009 691 2094 docuerit,
715 2011 802 2100 quod
823 2028 1011 2079 nunccsrto
1025 2015 1147 2082 indicio
1162 2043 1256 2088 com·

287 2124 384 2214 periri
408 2144 500 2212 posse
524 2122 673 2188 arbitror.
718 2122 843 2212 Nempe
868 2144 994 2191 necesse
1020 2141 1085 2208 est,
1114 2150 1179 2193 non
1206 2133 1255 2198 ite

289 2234 390 2298 multo
402 2247 485 2323 post
510 2233 627 2297 Pacem
654 2234 849 2320 Autolycum·
866 2235 1029 2325 Eupolidis
1054 2252 1085 2301 et
1111 2237 1255 2308 Platonis

286 2347 391 2421 Νίκας
415 2345 449 2408 in
475 2366 570 2409 scena
594 2366 662 2411 esse
686 2347 859 2429 exhibitas,
886 2368 953 2434 quo
971 2354 1123 2439 'tempore
1142 2373 1255 2419 recens

284 2474 354 2522 acta
368 2456 474 2522 fabula
490 2471 703 2546 spectatorum
710 2458 830 2555 ‘animis
846 2458 1082 2525 obversaretur:
1105 2483 1177 2525 narn
1193 2463 1251 2527 ab·

284 2567 413 2633 surdum
421 2580 468 2630 est
475 2568 625 2657 suspicari
638 2565 824 2634 comoediae
833 2569 995 2656 aliquanto
1003 2585 1076 2634 ante
1085 2586 1174 2636 actae
1183 2595 1252 2638 rne-

284 2678 434 2760 moriam,
449 2699 531 2766 quae
542 2677 662 2742 dudum
675 2679 743 2742 aliis
755 2676 868 2741 fabulis
883 2679 1057 2762 refrixerat,
1070 2681 1251 2748 huiusmodi

283 2787 428 2853 irrisione
442 2785 582 2853 refricari
594 2783 742 2872 potuisse,
756 2785 911 2872 imprimis
922 2790 1005 2877 apud
1019 2791 1159 2874 Atticos,
1171 2816 1251 2881 quos

282 2898 365 2963 bene
378 2898 438 2963 sibi
454 2912 548 2963 notos
562 2891 715 2963 admonet
724 2892 951 2984 Aristophanes
961 2902 1086 2967 Eccles.
1099 2903 1193 2971 1161.
1202 2927 1251 2994 sq.
1259 2954 1291 3031 Θ

374 3029 423 3097 Μὴ
439 3057 475 3072 -
489 3031 553 3083 τοϊς
569 3031 667 3083 ecastr
683 3024 808 3097 ἑταίραις
824 3026 874 3078 τὸν
889 3027 992 3097 τρίπον
1008 3034 1198 3103 προσεικέναι,

374 3117 418 3172 At'
430 3117 513 3183 μίιοι
528 3118 636 3184 μνήμην
652 3115 747 3184 ἔχουσι
762 3118 817 3171 ctis
835 3117 1001 3175 τελευταίων
1017 3124 1071 3180 ἀεί.

328 3233 391 3297 Per
413 3251 447 3295 se
473 3227 547 3293 satis
563 3244 684 3293 certum
705 3245 921 3321 argumentum
942 3230 1102 3296 luculento
1123 3234 1251 3328 insuper

285 3343 477 3409 documento
500 3339 746 3405 corroboretur:
768 3363 844 3406 nam
865 3340 951 3406 felici
966 3364 1039 3406 casu
1055 3344 1190 3432 accidit,
1214 3367 1248 3415 ut

284 3451 483 3519 eveterihus
509 3448 694 3514 Didascaliis
722 3467 845 3516 constet
871 3474 990 3535 annus,
1024 3477 1087 3541 quo
1119 3458 1247 3548 Eupolis

283 3587 370 3628 suam
385 3561 571 3649 Autolycum
585 3561 735 3627 exhibuit.
768 3562 885 3631 Athen.
902 3561 944 3630 V.
961 3586 1034 3654 pag.
1052 3566 1127 3633 216.
1144 3568 1187 3635 D.
1203 3573 1248 3647 ἕςι

284 3676 313 3740 δ’
326 3664 411 3748 οὗτος
431 3677 449 3739 d
471 3677 588 3760 καιρὸς,
607 3673 681 3739 καθ’
694 3675 731 3742 ὃν
751 3671 895 3758 Ἀριςίωι
913 3682 1015 3763 ἄρχων
1032 3674 1082 3760 ἧι,
1107 3684 1157 3746 ἐπί
1179 3689 1246 3751 roc·

282 3809 337 3850 rou
355 3819 397 3837 -·
413 3784 549 3860 Εὔπολις
568 3789 622 3851 τόι
642 3784 825 3853 Αὐτόλυκον
844 3787 969 3866 διδάξας
987 3829 1027 3842 -
1041 3789 1247 3878 pisciniensis

285 3897 375 3979 νίκην
399 3903 451 3961 τοῦ
472 3893 663 3963 Αὐτολύκου.
686 3895 709 3962 i.
727 3920 756 3962 e.
779 3895 908 3988 Olymp.
925 3899 1098 3966 LXXXIX.
1117 3905 1248 3981 dsanno

285 4019 359 4095 post
379 4003 548 4088 Alcaeum,
572 4024 636 4091 quo
659 4006 812 4074 archonte
834 4008 1059 4097 Aristophanes
1078 4012 1196 4080 Pacem
1217 4016 1249 4081 in
