2618 4934
692 335 734 400 95

224 549 332 633 ψυχὴν
350 540 381 610 d'
403 536 445 608 ml
465 544 551 622 ἥκειν
571 538 669 623 ὥοπερ
686 540 839 605 Αἰσώπου
859 540 942 607 ποτέ.
976 543 1107 610 Auctim
1120 544 1198 636 legi·

227 674 282 722 tur
305 652 346 719 ad
365 651 460 738 Veap.
484 653 576 736 1298.
599 647 721 738 (1251.)
739 654 792 715 καὶ
813 656 869 718 νῦν
890 655 1000 735 ὄμοσάν
1016 667 1068 736 pta
1088 661 1198 739 III-¹³·

228 774 347 836 θνάναι
364 767 399 831 τὸ
418 767 504 844 σῶμα
518 762 577 841 ἐγὼ
598 765 683 846 ψυχὴ
704 761 733 826 d’
747 763 814 828 ἀπὸ·
827 763 912 847 νίκης
931 763 1028 851 ὥσπερ
1047 767 1198 843 Alucinare

228 879 305 946 ποτέ
334 893 367 941 et
387 876 433 939 sic
455 871 576 936 Suidas.
623 870 733 935 Varias
753 873 936 938 criticorum
952 877 1151 942 coniecturae
1163 878 1197 943 iu

226 989 493 1078 fragmentorum
508 981 649 1047 editione
665 983 872 1049 enumerabo.
919 986 962 1048 At
977 986 1055 1050 mihi
1070 985 1198 1074 quidem

229 1102 278 1164 sic
294 1098 427 1195 scriptus
443 1091 607 1159 et-dirisus
622 1091 715 1158 fuisse
731 1092 819 1157 locus
832 1092 973 1158 ridetur:

320 1227 380 1279 Kal
393 1228 448 1293 μὴν
467 1223 566 1288 daco&
582 1242 629 1285 μοι
646 1226 684 1291 μὴ
701 1225 847 1277 τεθνάναι.
863 1225 899 1281 Β.
917 1227 950 1276 τὸ
967 1226 1041 1291 σῶμά
1056 1247 1107 1295 γε,

321 1318 404 1386 Ψυχὴ
422 1312 451 1368 δ’
470 1317 625 1380 lundata,
643 1312 732 1384 ὅσπερ
748 1314 878 1368 Αἰσύπου
892 1318 971 1369 ποτέ.

231 1432 293 1498 nisi
317 1430 400 1496 forte
425 1430 459 1495 in
484 1427 548 1494 fine
576 1428 692 1493 rectius
719 1428 854 1516 ὥσπερὴ
875 1433 1027 1500 Αἰσώπου
1043 1433 1117 1501 ποτέ
1141 1455 1200 1524 per

232 1541 384 1634 synizeain
399 1537 633 1631 pronuntianda
651 1539 789 1605 coniecit
805 1542 844 1607 Τ.
854 1543 1032 1632 Burgesaius
1047 1544 1080 1608 in
1091 1542 1197 1610 Praef.

228 1652 270 1719 ad
285 1653 408 1718 Dawes.
424 1651 519 1716 Mite.
536 1649 614 1716 Cn‘t.
631 1670 664 1738 p.
680 1649 767 1715 XIII.
782 1649 912 1716 Scilicet
926 1654 1082 1742 conspicit
1092 1653 1200 1718 nescio

230 1765 302 1853 quia
315 1774 449 1850 repente
464 1759 615 1847 aliquem,
634 1784 727 1849 quem
743 1761 923 1828 crediderat
935 1779 1112 1829 mortuum:
1125 1785 1201 1828 ocu·

229 1873 273 1937 lia
296 1869 412 1936 diffidit
436 1883 469 1934 et
494 1869 579 1935 inani
601 1870 707 1959 specie
729 1894 762 1936 se
784 1887 875 1961 putat
899 1870 977 1938 ludi.
1018 1871 1201 1937 Festivitate

231 1981 356 2048 comica
370 1971 466 2069 petit,
480 1995 517 2045 ut
530 1978 734 2045 iureiurando
749 1981 810 2044 sibi
825 1979 921 2045 iaciat
937 1977 1049 2065 fidem,
1064 2003 1099 2046 se
1113 2002 1200 2046 mor·

228 2102 318 2156 tuum
344 2111 410 2154 non
434 2111 510 2156 etse.
555 2088 668 2153 Iooosa
694 2090 847 2178 gravitate
863 2087 961 2154 alter:
985 2113 1098 2178 corpus
1118 2103 1203 2156 certe

228 2223 329 2266 meum
335 2199 409 2289 fuit
420 2212 591 2279 mortuum,
609 2211 646 2261 at
659 2206 802 2279 animus,
822 2212 857 2262 ut
870 2200 945 2263 olim
957 2202 1093 2289 Aesopi,
1107 2224 1206 2269 revera

167 2368 171 2374 .
230 2333 285 2375 aua
314 2323 365 2374 eat
394 2324 427 2373 et
456 2307 501 2371 sic
528 2307 612 2371 viro.
671 2307 699 2368 E
729 2305 854 2368 fabulae
889 2306 984 2370 titulo
1018 2318 1161 2388 Λάκωνες
1183 2296 1207 2399 ’ἤ

229 2421 364 2508 Ποιηταί
390 2423 506 2507 poetae
532 2415 665 2480 alicuius
690 2434 728 2476 ex
754 2412 841 2476 Orco
856 2412 1016 2478 redeuntis
1029 2418 1125 2481 rerba
1140 2443 1206 2486 esse

227 2531 406 2624 putareris:
431 2527 487 2594 sed
501 2528 582 2592 haec
598 2522 729 2588 nimium
746 2522 869 2588 incerta
883 2539 967 2588 sunt.

276 2640 421 2728 Denique
447 2639 586 2702 sirecte
611 2633 806 2699 coniecimue
829 2634 863 2698 in
888 2634 1107 2724 Aristophanis
1129 2635 1205 2702 loco

231 2751 376 2818 Platonis
394 2750 538 2814 Lacones
557 2744 636 2810 salec
651 2745 776 2828 notari,
797 2745 938 2834 eeqtritur
953 2767 1037 2811 anno
1053 2762 1126 2813 aute
1142 2749 1205 2814 Pa·

231 2885 301 2929 cem
323 2859 450 2924 doctam
473 2879 556 2940 esee,
578 2856 707 2947 Olymp.
732 2855 905 2923 LXXXIX.
924 2880 963 2942 2,
981 2879 1044 2945 quo
1059 2873 1204 2948 tempore

233 2973 350 3041 obiisse
371 2969 532 3034 Cratinum
553 2969 628 3033 satis
648 2983 770 3032 certum
786 2980 851 3033 est:
875 2990 978 3056 neque
992 2968 1131 3034 dubitari
1145 2993 1203 3059 po-

235 3100 309 3168 test,
336 3081 411 3171 quin
428 3077 581 3145 eiusmodi
596 3077 732 3143 dicterio
746 3078 800 3143 illa
816 3093 939 3144 tantum
952 3079 1119 3146 comoedia
1132 3080 1203 3143 irri-

233 3192 302 3259 deri
323 3190 477 3281 potuerit‚
495 3180 585 3254 ‘cuiue
608 3208 719 3251 recens
734 3201 814 3251 esset
830 3184 914 3275 apud
928 3204 1121 3277 spectatores
1135 3210 1202 3253 me-

235 3301 354 3368 moria:
384 3323 447 3388 quo
470 3297 568 3364 fiebat
586 3310 621 3359 nt
644 3317 723 3382 quae
749 3294 842 3359 nobis
868 3292 945 3359 olim
965 3297 1027 3360 sint
1052 3297 1205 3361 obscuris·

234 3411 332 3491 eima,
356 3431 401 3499 eo*
412 3424 556 3497 tempore
573 3405 613 3471 ab
630 3404 776 3470 omnibus
792 3403 897 3469 statim
911 3403 1171 3493 intelligerentur.

278 3515 352 3582 Dixi
376 3515 470 3579 etiam
492 3515 525 3578 in
550 3514 663 3600 Vespis
689 3511 901 3594 essetecum,
925 3513 979 3601 qui
1002 3511 1114 3578 eadem
1130 3514 1202 3584 luce

233 3627 333 3722 possit
347 3623 505 3688 illustrari.
551 3622 680 3711 Legitur
700 3645 746 3687 vs.
773 3619 826 3686 58.
843 3643 912 3709 sqq.

309 3775 397 3839 Ἧμῒν
414 3772 466 3841 γὰρ
483 3771 532 3821 οὐκ
550 3768 588 3827 ἶς’
604 3769 668 3823 οὔτε
687 3765 763 3841 κάρυ’
783 3769 811 3819 ἔκ
829 3767 963 3840 φορμίδυς

309 3866 403 3919 Δοῦλοι
420 3859 659 3933 παραρῤιπτοῦπε
677 3867 736 3918 τοῖς
748 3860 914 3928 θεωμένοις,

313 3957 403 4010 οὕθ’
420 3950 601 4023 Ἡρακλῆς
617 3953 657 4004 τὸ
675 3952 831 4006 δεῖπνον
847 3950 1140 4020 ituraeorum
