2618 4934
523 353 565 418 ta

58 574 199 631 versutos
208 559 337 648 fuisse,
350 555 408 620 sed
420 554 534 637 edom,
548 565 582 617 ut
585 554 666 642 fieri
681 551 761 615 solet
769 550 807 639 (l)
820 556 854 615 itt
866 552 1026 647 verborum
1081 556 1085 565 '

54 677 343 758 sententiarumque
354 665 599 752 cottsor'mutt'one
612 685 761 750 maguam
774 661 1027 751 aequabilitatem

53 807 137 873 prae
159 803 196 845 se
218 778 344 845 tulisse:
365 796 463 863 esque
483 771 724 839 confirmantem
740 772 925 862 fragmenti,
942 771 1029 860 quod

57 914 154 984 snpra
168 887 391 982 apposuimus,
411 881 625 949 similitudine.
665 882 791 948 Cautius
807 882 981 950 Meinelrius
994 883 1028 946 in

58 1005 106 1070 H.
126 1003 161 1069 C.
180 1001 213 1066 C.
229 1022 263 1087 p.
285 997 356 1083 169.
379 995 584 1076 senteutiam,
597 993 697 1082 paulo
713 993 920 1082 negligentius
935 1016 1031 1059 enun-

58 1113 189 1193 ciatnm,
208 1109 254 1173 sic
270 1104 441 1195 explicuit,
459 1115 495 1167 ut
510 1102 603 1168 Plato
619 1126 638 1167 e
652 1102 795 1167 Daedalo
811 1104 1028 1193 Aristophanis

60 1219 215 1309 quaedam
233 1215 438 1305 surripuisse,
460 1215 685 1302 Aristophanes
700 1229 805 1278 autem
823 1237 862 1279 ex
878 1215 945 1278 aliis
960 1215 1030 1279 Pla-

56 1331 141 1396 tonis
166 1327 282 1394 fabulis
309 1324 455 1390 ditavisse
482 1322 657 1389 Daedalum
679 1345 767 1389 suam
788 1323 1026 1415 intelligeretur.

34 1453 38 1460 '
59 1438 151 1522 Quae
166 1438 372 1503 coniecturae
394 1434 470 1498 loco
490 1431 636 1497 habenda
654 1449 739 1515 sunt,
760 1457 826 1499 uon
845 1436 1031 1525 interpreta-

58 1550 167 1632 tionis.
207 1544 455 1611 Prudeutissime
470 1541 635 1607 Dohraeus
651 1541 691 1606 ad
705 1542 814 1611 Schol.
829 1547 925 1610 Arist.
944 1546 1029 1612 Nub.

58 1682 104 1725 vs.
113 1656 189 1723 663.
205 1655 332 1722 fabulae
345 1652 529 1719 Platonicae
545 1674 663 1716 nomen
678 1651 828 1719 excidisse
843 1656 1028 1743 suspicatum

60 1791 127 1856 quo
142 1781 247 1831 sumto
262 1765 363 1829 oritur
374 1761 443 1829 lere
458 1763 675 1846 assentantis,
689 1786 784 1852 quam
798 1764 900 1829 voluit
908 1764 1031 1829 Meine·

57 1878 141 1943 kius.
186 1873 250 1940 Sed
264 1873 396 1959 frustra,
412 1875 545 1964 opinor,
563 1874 732 1964 corrigitur
746 1875 843 1964 ipsius
858 1875 1031 1940 Aristobuli

61 2009 153 2053 error
167 2008 205 2051 ex
218 1983 328 2074 putida
347 1984 539 2076 negligentia
563 2000 669 2050 natus:
688 1986 742 2073 qui
758 2008 854 2075 quum
868 1983 953 2052 idem
969 1985 1031 2053 fra·

62 2111 223 2187 gmentunr
239 2117 278 2160 ex
289 2110 423 2185 utraque
438 2095 543 2161 fabula
558 2097 592 2160 iu
606 2095 892 2162 Grammaticorum
908 2097 1033 2186 scriptis

64 2221 249 2271 annotatum
263 2205 444 2291 reperisset,
460 2202 590 2287 stolide,
605 2222 638 2269 ut
653 2207 790 2292 reliqua,
808 2224 841 2272 et
852 2206 1032 2275 incredibili

62 2315 210 2381 socordia
240 2314 300 2377 ista
331 2314 478 2405 scripsit,
504 2334 584 2398 quae
607 2290 758 2376 meditate
777 2298 953 2404 legentibus
978 2320 1033 2384 ab·

61 2424 156 2490 surda
171 2422 352 2490 videantur.
390 2419 533 2495 Inveniet
547 2419 626 2482 haec
641 2421 826 2485 coniectura
841 2422 937 2486 fidem
951 2427 1034 2514 apud

60 2556 136 2616 eos,
164 2531 218 2619 qui
241 2546 344 2595 totum
366 2524 446 2593 illud
465 2527 618 2616 scriptum
637 2525 678 2590 de
695 2526 785 2591 lurtis
801 2526 839 2593 ad
856 2534 1035 2621 pammati-

59 2665 134 2708 cam
162 2628 393 2731 interpretandi
418 2637 618 2703 severitatem
649 2638 773 2729 exigere
800 2640 972 2722 voluerint,
1001 2660 1034 2708 ct

31 2810 34 2819 .
61 2767 180 2840 quanta
199 2752 272 2816 insit
287 2772 392 2815 rerum
408 2750 624 2839 perturbatio,
642 2736 920 2841 argumentationis
936 2753 1033 2819 futili-
1098 2837 1102 2847 Δ

61 2879 111 2927 tas
137 2862 351 2948 orationisque
372 2860 604 2950 incompositae
627 2876 660 2926 et
673 2861 834 2927 interdum
848 2863 931 2929 male
944 2888 1034 2954 grae·

63 2995 121 3038 cae
142 2970 349 3061 negligentia,
369 2968 507 3058 denique
528 2990 611 3059 quta
628 2972 864 3063 sitarrogautia
877 2975 1030 3060 hominis,

63 3083 108 3148 oh
128 3105 261 3147 acumen
287 3080 409 3146 scilicet
432 3066 523 3155 suum
547 3097 580 3145 et
596 3080 774 3148 doctrinam
787 3066 1032 3174 sihi.placentis,

65 3193 156 3280 quale
171 3209 218 3257 est
234 3189 319 3280 quod
334 3191 367 3258 iu
383 3189 449 3257 line
461 3190 575 3280 legitur
589 3215 663 3282 pag.
681 3190 764 3280 752,
781 3195 844 3259 suis
858 3197 918 3285 ipsi
934 3195 1032 3260 oculis

63 3304 127 3366 sint
142 3302 362 3392 contemplati,
376 3324 510 3389 quorum
526 3300 644 3366 iudicio
658 3301 767 3367 lubens
779 3327 849 3369 rem
862 3306 1030 3394 permitto,
1068 3338 1070 3343 v

64 3411 140 3476 satis
150 3411 268 3476 bahem
284 3436 322 3477 ea
337 3412 481 3500 exempla
496 3413 688 3503 apposuisse,
706 3436 786 3500 quae
801 3415 931 3479 nimiam
946 3397 1034 3480 reve-

67 3519 220 3602 rentiam,
244 3542 305 3607 qua
323 3521 494 3587 Clementis
515 3524 549 3587 in
563 3523 612 3589 his
632 3523 726 3588 rebus
740 3522 961 3593 auctoritatem
975 3526 1033 3592 ho·

65 3630 168 3695 mines
184 3626 296 3694 doctos
315 3631 409 3697 video
425 3632 613 3721 amplexari,
632 3632 867 3722 temperandam
884 3657 950 3701 esse
964 3652 1032 3702 tan·

64 3756 133 3805 tum
148 3760 215 3802 uon
230 3736 378 3833 clament.
615 3817 619 3823 ,
908 3816 911 3821 ,

66 3852 70 3857 ’
109 3844 178 3915 Iam
194 3849 221 3914 si
235 3847 313 3915 mihi
331 3848 529 3934 conceditur,
552 3851 649 3917 verba
666 3856 708 3919 τὰ
722 3852 862 3938 ἀλλήλων
876 3857 1034 3943 denume-

66 3986 116 4026 ται
140 3960 185 4024 sic
206 3982 272 4024 esse
299 3959 339 4023 ab
355 3955 538 4024 Aristobulo
553 3960 785 4029 inconsiderate
796 3988 835 4030 ac
850 3966 1033 4034 iestimuter
