2618 4934
585 458 588 463 .
710 390 770 455 tto

305 590 444 664 'Ceterae
455 587 626 682 reliquiae,
643 611 724 676 quae
736 591 923 680 perexiguae
934 605 1021 674 sunt,
1036 590 1078 657 ud
1093 603 1250 662 nostrum

270 709 468 800 propositum
495 727 561 770 non
589 702 718 766 faciunt.
764 700 916 766 Consulto
943 701 1029 766 enim
1058 704 1152 769 omisi
1176 706 1241 772 fra.

270 834 431 910 gmentum
457 837 495 880 ex
520 813 708 892 Plutarcho,
737 809 824 898 quod
847 832 955 874 errore
979 813 1073 876 traxit
1097 812 1139 878 ad
1149 816 1238 880 *hano

268 928 406 993 fabulam
421 923 594 990 Meinclrius
610 922 653 986 H.
669 921 703 986 C.
722 921 758 986 C.
774 942 847 1009 pag.
865 917 936 1006 195.
952 935 986 985 ct
1001 923 1132 1010 Fragm.
1150 925 1242 990 Com..

272 1060 344 1126 pag.
363 1036 438 1122 669.
482 1035 584 1098 Locus
612 1030 657 1094 sic
680 1030 794 1119 legitur
813 1031 848 1092 in
876 1037 930 1095 νίι.
947 1030 1054 1097 Aleti.
1075 1055 1146 1122 cap.
1164 1057 1241 1102 1111.

269 1147 402 1216 Πλάτων
416 1149 434 1212 ὁ
447 1143 586 1225 Kaprai:
600 1139 694 1225 rippas
707 1148 773 1205 τοῦ
787 1138 1020 1226 Ὑπερβόλου
1034 1145 1240 1227 μνησθείς·

427 1272 528 1324 Καίτοι
545 1268 671 1337 trimetro
684 1242 743 1317 ¹'ciris
760 1267 867 1336 τρόπων
883 1269 934 1331 μὲν
952 1267 1032 1336 ἄξια,

428 1360 525 1414 Αὑτοῦ
544 1359 576 1411 δὲ
593 1357 641 1409 καὶ
658 1357 713 1407 τῶν
730 1357 865 1423 ternotus}
879 1357 983 1417 ἀνάξια.

329 1517 333 1522 .
433 1450 473 1503 Οὐ
489 1451 542 1520 γὰρ
558 1447 686 1500 τοιούτων
704 1439 797 1501 οὕνεκ’
817 1445 910 1520 ὄςραχ’
932 1449 1048 1521 εὑρέθη.
1148 1497 1152 1503 .

269 1583 311 1648 Et
325 1575 358 1645 itt
373 1587 427 1647 vit.
444 1579 518 1645 Nic.
535 1598 608 1666 cap.
625 1598 672 1642 xt.
695 1576 829 1646 Πλάτων
850 1583 868 1645 ό
892 1585 1030 1664 Κωμικὸς
1052 1581 1149 1668 rippas
1166 1588 1241 1671 maol

270 1693 376 1759 αὑτοῦ·
396 1689 507 1755 Καίτοι
524 1686 659 1770 aincurt
676 1710 704 1751 κ.
718 1711 745 1751 τ.
762 1685 791 1753 λ.
837 1687 874 1754 In
896 1689 953 1755 illo
977 1690 1050 1757 loco
1061 1670 1153 1757 ‘male
1168 1691 1237 1759 edi·

271 1817 324 1866 tur
349 1800 503 1886 πέπραχε,
527 1791 613 1882 quod
635 1794 676 1857 ab
690 1795 723 1860 h.
743 1795 767 1861 l.
784 1796 920 1863 alienum
936 1816 1001 1866 est:
1027 1823 1102 1866 nam
1116 1829 1239 1889 πεπρα-

272 1910 360 1992 γέναι
385 1929 450 1970 non
472 1919 519 1967 est
542 1902 721 1988 exquisitius
736 1915 791 1968 arat
805 1906 902 1995 magis
917 1907 1170 1997 Atticum-quam
1186 1940 1243 1981 m.

272 2017 441 2104 πραχὲναι,
480 2009 565 2100 quod
597 2011 728 2077 voluere
758 2012 961 2080 Grammatici
994 2014 1071 2104 (vid.
1107 2022 1244 2088 Bellieni

273 2126 397 2194 Anecd.
425 2124 496 2215 pag.
512 2122 569 2189 60.
593 2137 626 2187 et
649 2123 753 2190 Moer.
777 2144 849 2212 pag.
871 2122 978 2212 296),
1000 2126 1056 2190 sed
1078 2129 1180 2194 solum
1196 2130 1241 2197 de

263 2240 419 2327 finano,
448 2258 510 2325 qua
529 2240 600 2323 quis
622 2241 733 2317 utitur,
758 2234 901 2322 usurpari
923 2235 1013 2300 solet.
1057 2235 1112 2303 Vs.
1131 2238 1162 2305 3.
1176 2264 1253 2329 pro.

276 2349 365 2418 εἵνεκ’
389 2345 561 2412 Meinekius
585 2343 683 2412 otiosa²
702 2342 870 2410 substinuit.
913 2344 960 2411 Ex
974 2346 1039 2410 hoc
1056 2365 1161 2414 autem
1176 2350 1241 2415 lm·

269 2458 402 2550 ‘gmento
428 2456 557 2545 collegit
572 2454 745 2519 Meinelsius
760 2455 804 2520 H.
826 2453 860 2520 C.
879 2453 914 2522 C.
930 2477 1004 2545 pag.
1027 2458 1099 2544 195.
1118 2461 1237 2549 Hypera

276 2570 377 2634 bolum
399 2582 502 2631 actam
524 2588 590 2646 esse
609 2565 737 2654 Olymp'.
754 2557 840 2629 XCI.
858 2586 910 2648 m,
938 2588 1000 2653 quo
1015 2583 1160 2658 tempore
1175 2570 1239 2659 Hy.

269 2675 420 2768 perbolus
443 2673 627 2739 ostracismo
649 2673 766 2737 eiectus
780 2672 885 2761 patria
901 2673 1041 2740 carebat:
1065 2698 1128 2762 quo
1145 2679 1240 2744 simul

275 2784 466 2851 satisfactum
487 2795 578 2874 putat
592 2779 744 2868 Berglrio,
767 2781 930 2846 obiicienti
944 2783 1045 2872 legem
1060 2783 1220 2874 Syracosii
1229 2837 1247 2873 ,.

277 2916 337 2981 qua
363 2893 426 2957 hoo
449 2893 519 2982 ipso
546 2911 629 2954 anno
658 2892 784 2974 ὀνομαςὶ
801 2880 954 2977 κωμῳδεῖν
972 2895 1104 2959 vetitum
1122 2895 1239 2967 fuerat.

274 3001 348 3069 Vid.
359 3024 393 3092 p.
407 3001 459 3066 36.
474 3021 664 3088 sqq.nempe
674 2999 777 3090 legem
789 3022 857 3065 non
867 2999 906 3065 ad
914 3004 1035 3068 exstiles
1043 3005 1238 3093 pertinuisse.

281 3140 285 3147 ·
317 3111 423 3177 Doleo
447 3110 517 3173 viro
539 3108 653 3174 eximio
671 3123 737 3173 tam
752 3109 911 3175 infelicem
927 3113 1141 3179 coniecturam
1157 3116 1238 3180 exci-

276 3221 351 3288 dere
366 3218 516 3310 potuisse.
540 3219 641 3303 Quid,
654 3217 746 3285 Plato
761 3219 991 3308 Hyperbolum,
1008 3238 1136 3289 exutum
1151 3227 1241 3292 omui

276 3310 463 3399 auctoritate
485 3340 518 3395 et
545 3330 664 3418 gratia,
695 3329 831 3394 eiectum
856 3331 1001 3414 Athenis,
1030 3355 1068 3398 ac
1091 3335 1237 3400 miseram

275 3443 372 3507 vitam
393 3442 427 3506 iu
451 3439 546 3505 Samo
562 3441 753 3521 trahentem,
768 3439 891 3529 integra
902 3439 1069 3507 comoedia
1085 3442 1176 3510 ludos
1191 3446 1239 3511 fa·

275 3576 348 3618 cere
373 3547 542 3618 sustinuit?
590 3549 711 3614 Eumne
740 3547 844 3636 potuit
873 3546 1024 3615 inducere
1050 3553 1085 3615 in
1109 3575 1238 3620 scenam

275 3678 470 3749 praesentem
494 3664 528 3726 in
555 3660 651 3742 urbe,
675 3658 777 3747 deque
799 3656 950 3748 dignitate
970 3665 1126 3728 senatoria
1154 3668 1239 3734 mar.

274 3772 387 3856 μασίαν
415 3769 626 3836 subeuntem?
668 3769 750 3834 Nam
770 3768 856 3833 illam
875 3794 943 3836 rem
968 3771 1003 3835 in
1024 3795 1119 3838 scena
1134 3791 1237 3840 actam

267 3879 367 3946 *luisse
375 3925 385 3961 ,
408 3878 529 3966 liquido
544 3891 667 3946 constat
687 3899 726 3942 ex
741 3878 868 3972 Fragm.¹
881 3875 908 3945 l.
937 3877 1058 3946 Satisne
1073 3883 1238 3975 perspicuo

273 3988 393 4059 dictum
413 4001 476 4055 est:
