2618 4934
622 349 665 417 89

173 557 260 628 wopa
278 555 312 607 di
328 551 499 624 Συρακόσιον
515 551 646 619 nortgo,
663 559 801 622 τρνγοοοΐς
815 553 898 623 ἐφάνη
913 555 966 626 γὰρ
981 557 1081 610 deuon

174 649 259 715 Μέγα
277 650 356 712 πῆμα
373 650 509 715 χοροῖσιν,
528 642 654 704 ἀφείλετο
672 645 724 714 γὰρ
742 645 879 712 κωμῳδεῖν
895 646 942 710 οὕς
957 647 1125 712 ἐπεθύμουν.

162 778 197 846 in
213 803 275 868 qua
289 779 427 843 lectione
442 777 467 840 si
482 798 574 862 quem
586 774 670 840 forte
684 776 853 866 repetitum
868 783 924 866 γὰρ
938 778 1120 864 offenderit,

163 888 334 955 satisfaciet
349 887 505 950 Porsonus
520 883 561 948 ad
575 885 684 974 Emip.
700 886 789 952 Med.
807 909 853 952 rs.
871 887 944 975 139,
961 906 1029 955 tum
1044 894 1124 976 χοροί

163 1000 300 1086 spartaci
316 1019 376 1086 pro
401 993 560 1060 comoedia
574 1010 685 1059 uotum
702 1011 750 1061 est
764 1019 803 1061 ex
819 997 1047 1088 Aristophane,
1072 1002 1125 1087 qui

125 1131 130 1138 ·
163 1109 276 1177 eodem
308 1105 408 1173 modo
443 1106 603 1194 usurpavit
634 1107 669 1172 in
698 1106 949 1174 Achomensium
979 1109 1126 1177 Parabasi

162 1243 209 1288 vs.
233 1219 323 1307 627,

190 1382 241 1441 ’m
259 1363 291 1432 oi
307 1397 340 1447 ys
358 1385 478 1450 χοροῖσιν
495 1375 622 1445 dolenses
638 1385 776 1450 τρυγικοῖς
791 1377 806 1430 ὅ
824 1380 990 1442 διδάσκαλος
1004 1382 1089 1451 ήμῶν.

208 1538 356 1606 Comicus
369 1538 508 1602 irritatus
522 1534 704 1626 Syracosio,
721 1539 776 1626 qui
791 1561 905 1628 magna
919 1557 1044 1607 exortus
1058 1558 1128 1608 erat

164 1649 356 1717 Comoedias
377 1647 556 1730 calamitas,
578 1649 715 1714 scabiem
730 1650 921 1739 imprecatur
933 1665 951 1716 τ’
965 1651 1125 1718 luculento

162 1761 357 1828 documento
383 1755 460 1844 quid
482 1745 636 1843 οωμῳδεῖο
658 1759 772 1823 Atticis
795 1759 964 1849 significet,
988 1783 1124 1850 nempe,

162 1873 212 1936 uti
226 1870 377 1952 diximus,
392 1891 458 1932 uon
472 1877 656 1934 nominatim
673 1893 816 1954 carpere,
833 1885 886 1935 aut
900 1878 1048 1935 conviciis
1053 1895 1129 1960 pro·

164 1982 324 2062 scindere5
345 1979 432 2069 (nam
447 1978 493 2044 sic
507 1978 625 2046 faceret
640 1980 854 2069 Phrynichus,
879 1980 965 2069 quod
978 1982 1037 2048 sibi
1053 1983 1130 2049 veti·

161 2109 228 2159 tum
245 2089 461 2178 conqueritm)
481 2087 537 2154 sed
555 2090 694 2154 scribere
710 2088 912 2155 comoediam
926 2091 960 2155 in
975 2091 1124 2179 aliquem,

166 2204 216 2292 qui
239 2215 425 2291 personatus
445 2200 479 2263 in
494 2221 589 2264 scena
603 2200 648 2263 sic
664 2215 826 2287 ageretur,
849 2216 885 2264 ut
899 2202 1129 2289 spectatoribus

164 2329 219 2379 aut
238 2312 363 2398 ineptus
389 2323 441 2371 aut
462 2308 625 2397 improbus
640 2308 674 2370 in
689 2308 919 2394 rempublicam
934 2335 1129 2400 proponere·

164 2440 228 2489 tur.
253 2420 303 2487 Cf.
319 2417 432 2484 dehac
445 2441 496 2501 re,
513 2437 594 2504 quae
607 2415 758 2477 iamsatis
773 2430 859 2478 certa
871 2431 933 2498 est,
949 2419 1131 2487 Clintonurn

164 2535 198 2599 in
220 2519 325 2597 Praei.
351 2527 391 2594 ad
405 2530 496 2594 Fost.
515 2522 639 2589 Hellen.
655 2545 728 2612 pag.
747 2545 814 2589 avr.
853 2524 972 2614 Krueg.
989 2542 1022 2591 et
1035 2529 1131 2617 Berg-

163 2643 253 2709 kium
265 2641 289 2705 l.
303 2641 327 2706 l.
344 2662 418 2728 pag.
439 2638 516 2720 319.

211 2752 430 2837 Monooopum
455 2742 564 2808 docuit
588 2743 784 2832 Phrynichus
804 2759 836 2810 et
857 2747 964 2812 tertias
984 2749 1058 2815 tulit
1071 2750 1131 2816 Ar-

168 2861 285 2926 chonte
300 2855 452 2937 Chabria,
468 2853 593 2942 Olymp.
604 2854 689 2919 XCl.
703 2877 734 2919 a.
750 2855 883 2945 Argum.
899 2861 1031 2924 Avium:
1045 2859 1132 2929 ’Edr-

167 2973 270 3059 δάχθη
289 2972 340 3036 ἐπί
357 2967 499 3055 Χαβρίου
516 2971 662 3052 ἄρχοντος
677 3001 724 3017 -
740 2973 857 3051 πρῶτος
872 2969 1046 3055 Ἀμειψίας
1060 2981 1134 3040 Κω.
1176 2960 1181 2976 ’

164 3091 293 3168 parole,
317 3082 416 3166 τρίτος
437 3082 584 3164 Φρύνιχος
606 3084 807 3165 Μονοτρόπῳ.
852 3081 960 3164 Itaque
977 3106 1061 3149 anno
1076 3085 1133 3149 mie

151 3197 284 3287 ,nimum
299 3192 462 3282 superiore
471 3189 609 3256 .valuisse
625 3188 725 3278 legem
740 3211 867 3271 necesse
882 3208 940 3267 est.
964 3225 973 3241 ⁵
986 3194 1129 3284 Apparet

168 3319 273 3369 autem
287 3326 353 3381 uon
368 3303 426 3367 nisi
442 3299 623 3392 gravissima
637 3297 678 3364 de
692 3323 784 3365 eausa
798 3301 960 3389 impetrari
976 3327 994 3366 a
1007 3303 1129 3394 populo

167 3413 322 3503 potuisse,
333 3428 390 3497 hut:
402 3411 576 3502 proderent
589 3417 698 3500 poetas
712 3413 877 3493 Comicos,
901 3435 1035 3500 quorum
1052 3415 1131 3481 iocis

167 3522 262 3589 simul
276 3521 513 3588 delectabantur
526 3536 558 3585 ct
570 3519 611 3585 de
616 3521 812 3610 Demagogis
825 3523 999 3608 ceterisque
1013 3523 1131 3592 civibus

165 3630 416 3723 potentioribus,
442 3632 496 3718 qui
512 3630 732 3697 irridebantur
756 3632 791 3697 in
815 3654 927 3712 scena,
951 3631 1131 3720 plaudendo

167 3737 448 3829 cachinnandoque
467 3738 639 3807 vindictam
661 3739 828 3828 quamdam
837 3743 1020 3831 sumebant.
1064 3745 1129 3813 Sed

169 3875 263 3918 nemo
288 3850 471 3932 sni-rabitur,
490 3851 520 3914 'si
544 3852 754 3917 Athenienses·
763 3853 832 3917 ,hoc
853 3853 1088 3944 ipsotempore,
1097 3858 1131 3920 in

169 3962 288 4053 ingenti
303 3961 379 4031 belli
395 3959 481 4045 mole
495 3961 634 4049 paranda
649 3961 870 4051 trepidantem·
883 3980 915 4030 et
930 3965 1026 4041 sinim
1037 3967 1129 4032 variis
