2618 4934
618 389 697 455 *71

194 595 415 677 Andocidem,
440 594 563 681 Lysiam
591 605 624 654 et
642 590 832 654 Aeschinem
853 589 940 655 idom
960 613 1068 656 omues
1090 614 1162 679 pro·

198 707 340 774 oemium
362 725 402 767 ex
423 700 542 764 Cratini
563 698 717 762 versiculo
740 697 859 763 furatos
882 723 965 765 esse:

376 878 432 943 Τὴν
448 874 498 937 μὲν
515 876 691 943 παρασκευὴν
707 873 769 930 ἴσως
785 873 969 940 γιγνώσκετε,

200 1036 383 1124 intelligitur
409 1056 482 1122 pag.
506 1032 581 1118 748.
626 1029 690 1095 Sed
713 1032 786 1095 satis
811 1048 873 1115 est,
896 1050 928 1096 et
951 1031 1057 1097 toedet
1072 1033 1163 1123 plura

195 1148 370 1226 adducere,
386 1165 465 1230 quae
480 1163 547 1204 non
562 1143 661 1230 magis
674 1142 747 1204 viris
762 1144 905 1222 summis,
922 1143 1033 1230 quibus
1043 1158 1163 1210 temere

194 1259 404 1333 obiiciantur,
429 1268 502 1317 suot
529 1252 775 1334 contumeliosa,
800 1275 892 1339 quam
918 1253 987 1335 isti,
1017 1255 1069 1341 qui
1096 1256 1164 1319 sino

194 1367 316 1432 iudicio
344 1362 497 1429 absurdas
519 1364 594 1425 istas
619 1361 787 1426 calumnias
808 1365 978 1453 congessit,
1003 1385 1036 1428 et
1051 1366 1165 1430 exhau-

154 1536 158 1543 .
196 1479 251 1542 stis
277 1499 349 1541 oum
373 1472 548 1564 pulvisculo
574 1473 720 1536 omnibus
741 1495 806 1536 non
829 1475 952 1538 erubuit
968 1474 1163 1541 adscribere:

196 1593 286 1657 ταυτὶ
304 1593 362 1670 μὲν
384 1583 438 1654 οὖν
459 1593 574 1672 ταύτῃ,
597 1584 746 1668 ἐπιλείψει
768 1591 824 1670 γάρ
844 1609 880 1666 με
900 1590 918 1650 ό
935 1587 1015 1673 βίος,
1045 1591 1071 1650 εἰ
1089 1587 1164 1653 καθ’

196 1702 308 1776 teucer
332 1699 485 1776 ἐπεξιέναι
508 1697 647 1782 αἱροίμην
672 1701 728 1776 τὴν
754 1696 938 1782 Ἑλληνικὴν
962 1697 1091 1784 ἐλέγχων
1113 1701 1165 1780 σί·

199 1811 463 1891 lantoniensis.

245 1919 394 2009 Suspicor
417 1919 505 2000 foro,
535 1918 589 2006 qui
614 1921 734 1983 crimen
752 1915 831 1981 illud
849 1920 1000 2005 ἀκρισίας,
1026 1939 1090 2006 quo
1104 1917 1166 1981 Pa-

198 2048 281 2096 trum
304 2011 528 2096 eruditissimus
547 2032 717 2119 premitur,
744 2045 781 2093 ut
801 2052 919 2094 novum
942 2044 974 2093 et
992 2044 1064 2092 ante
1078 2030 1166 2093 hunc

199 2141 283 2206 diem
308 2139 485 2205 inauditum
504 2140 715 2205 mirabuntur.
763 2137 826 2201 Sed
847 2139 910 2202 iam
931 2137 984 2202 diu
999 2135 1039 2202 de
1055 2136 1166 2203 eadem

196 2274 232 2315 re
250 2251 336 2315 tirus
363 2249 477 2312 doctos
502 2247 673 2313 admonere
699 2262 847 2334 potuerat
870 2247 1087 2332 Ruhnkenius‚
1110 2249 1166 2337 qui

195 2361 229 2423 in
244 2362 327 2424 Hist.
342 2361 421 2424 Cris.
438 2359 527 2422 Orat.
549 2359 663 2423 Graec.
676 2377 748 2442 pag.
756 2379 815 2418 nn.
832 2357 1042 2441 suspicionem
1057 2381 1166 2443 quam.

196 2469 271 2535 dam
295 2470 401 2533 obiter
423 2469 520 2532 verbo
536 2464 708 2542 indicavit,
733 2463 822 2524 cuius
838 2477 944 2524 tamen
961 2484 1055 2525 nemo
1070 2465 1164 2549 dum,

197 2579 285 2668 quod
316 2581 429 2662 sciam,
463 2581 496 2642 in
523 2577 584 2637 hoc
610 2572 794 2660 quaestione
824 2571 1001 2635 meminisse
1029 2571 1163 2641 videtur.

156 2742 160 2745 .
196 2691 455 2753 »Vetustissimus
480 2685 726 2764 Grammaticus,
747 2684 806 2764 ait,
824 2681 904 2745 libro
918 2681 1166 2773 descriptorum

197 2799 308 2879 furtis,
327 2821 417 2886 quem
435 2796 575 2860 Clemens
586 2792 843 2874 Alexandrinus,
855 2791 934 2858 nihil
947 2795 1080 2861 similem
1090 2796 1166 2862 furti

200 2908 360 2972 actionem
389 2907 525 2987 veritus,
559 2904 767 2992 compilavit.”
811 2905 919 2994 Itaque
943 2905 1092 2972 credebat
1116 2909 1166 2975 vir

198 3042 352 3101 summus,
364 3040 456 3105 quem
472 3017 551 3087 istae
563 3015 701 3103 ineptiae
714 3014 823 3080 fallere
839 3038 904 3080 non
920 3033 1084 3109 poterant,
1099 3043 1164 3086 uon

199 3131 369 3195 Clementis
385 3151 456 3194 esse
480 3128 563 3191 hunc
584 3148 762 3208 excursum,
786 3125 842 3191 sed
859 3126 989 3194 alicuius
1000 3128 1163 3195 Gramma·

202 3242 272 3323 tici,
293 3243 347 3328 qui
373 3241 495 3305 maiore
516 3237 678 3326 diligentia
698 3256 790 3323 quam
803 3235 922 3303 iudicio
936 3240 995 3305 ista·
1010 3242 1117 3305 omnia
1129 3241 1163 3306 in

200 3373 297 3414 unum
315 3365 553 3440 comportasset.
578 3350 627 3412 Ac
643 3347 731 3412 fuere
748 3348 843 3428 olim,
860 3349 961 3435 quiin
978 3351 1164 3438 conquiren-

193 3459 251 3547 dis
276 3459 453 3524 huiusmodi
481 3459 563 3523 locis
590 3455 786 3521 collocarent
806 3456 904 3520 otium
927 3473 959 3522 et
978 3457 1076 3521 libros
1096 3466 1163 3548 περὶ

199 3571 315 3650 κλοπῆς
337 3568 479 3633 ederent:
505 3568 610 3656 quales
628 3567 720 3630 multi
740 3582 1001 3631 enumerantura
1025 3569 1163 3661 Porphy‘·

199 3681 249 3743 rio
272 3676 356 3766 apud
371 3679 539 3744 Eusebium
556 3680 596 3742 P.
613 3679 656 3742 E.
674 3676 716 3742 X.
735 3700 806 3764 cap.
824 3699 854 3741 2:
874 3698 1007 3764 quorum
1022 3681 1162 3747 acutissi-

201 3810 269 3854 mus
292 3783 443 3852 Aretadas
470 3782 596 3872 quidam
623 3791 691 3873 cepi
721 3793 950 3869 σνιεμπτώσιισς
973 3789 1101 3863 librum¹
1114 3795 1162 3860 in·

202 3901 340 3989 scripsit,
357 3898 489 3988 pulchre
504 3897 697 3988 intelligens,
716 3897 801 3985 quod
817 3923 856 3964 ne
871 3899 1081 3990 Porphyrium
1096 3906 1163 3993 qui·

204 4008 274 4103 dem
291 4011 313 4075 l.
332 4009 354 4074 l.
372 4009 446 4073 satis
460 4009 650 4096 perspexisse
668 4026 812 4097 apparet,
828 4034 921 4098 qoam
944 4013 1049 4101 inique
1066 4015 1166 4100 plera-
