2618 4934
553 378 616 444 llll

87 595 122 656 in
150 590 189 655 iis
215 587 422 678 argumentis,
451 604 531 670 quae
557 598 631 671 post
655 583 878 673 Olympiadem
892 587 996 672 xut,
1014 596 1059 654 uti

90 699 247 780 vidimus,
276 695 331 760 diu
357 714 504 782 oppressa
518 707 551 757 et
566 715 641 758 mox
658 692 799 759 funditus
814 695 918 762 deleta
932 700 1059 786 antiqua

89 807 283 888 Comoedia,
315 804 480 869 studiosius
509 802 606 866 etiam
629 803 670 867 ab
685 803 812 891 reliquis
827 806 930 871 excoli
945 824 1060 897 coepta

82 936 158 986 sunt
180 918 334 1006 (quaeque
356 915 390 978 in
405 912 618 1001 superioribus
632 912 824 980 ostendimus
837 917 902 980 iam
914 914 969 981 diu
982 929 1055 984 ante

88 1030 123 1095 in
152 1025 369 1094 florentissima
395 1020 590 1086 Comoediae
617 1033 719 1088 aetate
741 1024 874 1090 multum
898 1025 1059 1093 celebrata

85 1139 203 1228 fuisset
220 1138 255 1201 in
270 1133 383 1223 quibus
396 1131 469 1213 Dii,
486 1133 600 1197 heroes
616 1146 670 1196 aut
684 1155 791 1222 reges,
811 1135 864 1222 qni
879 1136 913 1200 in
919 1136 1060 1226 Tragoe-

82 1247 143 1314 diis
170 1245 303 1338 prodire
325 1241 487 1323 solebant,
508 1240 608 1306 multa
630 1242 782 1308 iocularia
804 1260 836 1308 et
849 1245 1056 1335 lepidissimas

79 1359 209 1426 facetias
238 1353 420 1421 funderent.
458 1350 562 1416 Nemo
589 1353 877 1419 tamenexistimet
898 1355 946 1420 his
972 1357 1053 1423 iocis

83 1491 183 1558 saepo
197 1467 270 1534 satis
292 1462 476 1530 scurrilibus
503 1461 681 1551 ingeniosos
704 1469 814 1553 poetas
840 1467 1050 1553 acquievisset
1141 1464 1149 1472 ’

82 1600 157 1645 nam
171 1578 245 1643 satis
260 1588 384 1641 constat
395 1571 445 1637 his
459 1593 532 1635 usos
548 1594 613 1637 esse
631 1574 719 1658 quasi
732 1572 921 1657 involucris,
939 1577 1051 1662 quibus

84 1697 140 1747 aut
152 1678 354 1770 popularium
368 1696 472 1740 mores
489 1690 522 1740 et
535 1675 611 1739 vitia
629 1673 767 1741 ridentes
783 1692 946 1761 notarent,
957 1695 1012 1744 aut
1026 1681 1054 1744 si

82 1788 161 1879 quid
180 1791 217 1852 in
234 1810 305 1875 rep.
327 1781 441 1850 stolide
463 1799 516 1848 aut
537 1781 691 1873 flagitiose
707 1786 975 1871 committeretur,
992 1811 1050 1876 per

82 1899 253 1987 ambages,
279 1892 335 1961 sed
361 1910 398 1959 nt
426 1910 535 1959 acutus
560 1909 721 1983 spectator
735 1894 911 1984 intelligere
926 1913 1050 1985 posset,

84 2007 199 2074 aeriter
207 2006 409 2096 exagitarent.
427 2003 496 2068 llos
506 2004 602 2094 igitur
614 2005 742 2070 aculeos
751 2005 985 2095 mythologime
995 2022 1052 2075 aut

80 2119 207 2183 iocosae
221 2117 371 2182 materiae
384 2112 498 2179 callide
512 2114 672 2180 involutos
684 2113 905 2182 Grammaticis
912 2114 1051 2183 Comoe-
1160 2190 1162 2197 ,

35 2251 43 2263 ’
79 2225 163 2292 diam
194 2225 415 2312 civsyporddp
431 2221 538 2310 dicere
570 2224 702 2311 placuit,
736 2227 772 2301 in
800 2249 902 2315 eoque
932 2251 1048 2318 genere

80 2359 203 2402 summa
217 2332 310 2398 laude
329 2329 501 2397 effloruisse
516 2330 683 2396 Platonem
700 2333 779 2396 nihil
794 2350 855 2418 est,
870 2358 927 2413 cur
939 2336 1050 2403 Gram.

79 2445 202 2511 maticis
227 2464 293 2507 non
320 2437 497 2504 credamus.
544 2435 641 2516 Quod
662 2455 766 2503 autern
785 2437 864 2501 illud
878 2463 975 2526 genus
992 2447 1049 2511 00.

80 2556 236 2621 moediam
250 2550 392 2616 Mediam
406 2560 615 2630 vocaverunt,
630 2548 704 2612 satis
718 2561 806 2611 recte
819 2544 930 2614 fecisse
944 2549 1050 2618 viden·

80 2681 144 2751 tur.
194 2663 317 2750 Nempe
343 2658 406 2747 ipsi
436 2671 556 2721 veteres
584 2678 652 2721 non
679 2657 739 2722 nisi
769 2655 834 2723 duo
856 2659 1049 2730 Comoediae

78 2796 196 2866 genera
221 2773 292 2854 vel,
320 2785 356 2834 ut
378 2767 493 2833 rectius
510 2765 670 2850 dicamus,
687 2765 763 2833 duas
781 2783 899 2851 aetates
912 2794 1049 2863 agnove-

76 2896 168 2948 runt:
187 2893 318 2946 veterem
336 2892 369 2941 et
382 2877 522 2960 Novom,
546 2881 604 2960 τὴν
618 2877 757 2947 παλοιάοΙ
770 2893 803 2944 et
817 2884 873 2963 τὴν
886 2884 1045 2969 νεωτέραν.

76 2992 127 3058 Cf.
155 2991 286 3055 omnino
314 2987 453 3053 Clinton.
484 2985 589 3053 Praef.
617 2987 658 3051 ad
676 2990 767 3056 Fast.
791 2991 875 3057 Hell.
893 3015 964 3084 pag.
981 3019 1043 3065 nrt.
1070 3044 1072 3049 -

77 3103 199 3191 Krueg.
213 3115 246 3166 et
255 3098 450 3164 luculentum
464 3096 641 3162 Aristotelis
654 3097 774 3182 locum,
788 3123 883 3188 quem
895 3102 1044 3192 produxit

51 3248 54 3253 ·
77 3238 117 3301 ex
132 3213 238 3278 Echio.
252 3210 298 3276 ad
310 3211 434 3277 Nicom.
452 3204 509 3274 IV.
528 3207 559 3272 8.
576 3207 658 3277 ’'Idot
675 3215 716 3277 ἄν
733 3236 780 3287 τις
800 3218 833 3279 ἐκ
853 3222 916 3282 τῶν
929 3240 1039 3302 κωμῳ-

10 3360 13 3379 .
75 3327 151 3392 διῶν
181 3329 243 3392 τῶν
277 3322 420 3390 παλαιῶν
446 3320 499 3384 acl
523 3322 585 3387 wir
608 3325 736 3388 κοινῶν·
760 3329 822 3398 τοῖς
843 3329 900 3406 μὲν
923 3329 981 3410 γὰρ
1002 3321 1041 3408 ἦν

75 3434 194 3520 γελοῖον
220 3441 239 3516 ἡ
266 3431 474 3519 οἶοχρολογία,
507 3438 569 3507 τοῖς
591 3432 624 3498 δὲ
645 3427 763 3515 μᾶλλον
789 3442 809 3518 ἡ
835 3438 1040 3504 ὑπόνοιαι

77 3566 155 3635 quas
183 3541 310 3631 quidem
337 3538 481 3617 ὑπονοίας
510 3541 637 3607 easdem
669 3565 734 3608 esse
763 3560 916 3632 apparet,
947 3561 1041 3634 atque

76 3657 266 3739 αἰνίγματα,
293 3653 340 3717 uti
360 3654 501 3718 scribunt
517 3650 732 3719 Grammatici.
778 3654 863 3718 Hinc
884 3656 926 3719 ob
942 3659 1040 3721 maxi·

76 3789 165 3837 mam
190 3777 446 3853 argumentorum
471 3760 753 3828 dissimilitudinem
776 3763 884 3828 Critioi
910 3757 1042 3833 Alexan·

77 3877 162 3945 drini
197 3871 336 3940 mediam
367 3872 534 3959 quamdam
562 3887 697 3938 aetatem
726 3890 759 3939 et
787 3875 915 3943 tertium
944 3902 1041 3969 genus

79 3999 269 4079 posuerunt,
284 3988 342 4068 τὴν
356 3983 457 4069 μέσον,
479 3984 652 4070 κωμῳδίαν,
667 3983 753 4051 cuius
766 3986 920 4075 originem
935 4005 1040 4072 recte,
