2618 4934
625 359 682 426 101

294 563 387 619 ’ttae'
407 564 470 618 ἀπ’
485 565 538 634 lxo
553 563 703 624 ταῦτ’.ἔςο.
721 568 852 638 ταρίχους
869 569 1010 633 ἀπολέσας.

167 719 304 786 namque
317 694 489 783 complures
499 715 551 758 res
561 715 630 756 eum
644 692 806 759 habuisset
817 697 948 787 πίίριάο,
964 700 1133 767 salsatnett·

169 807 384 888 tis-abieott‘s,
404 805 471 871 ἀπ’
490 807 566 891 ἔχω,
588 803 674 870 ταῦτ’
695 807 740 879 ίςο
760 805 849 874 dicit.
898 808 1072 875 Meinekius
1095 813 1129 876 in
1226 880 1230 887 ,

168 920 301 1007 Frugm.
319 938 390 1005 pag.
408 912 485 978 633.
502 929 660 1002 praestare
676 915 839 1002 opinatur:

258 1056 352 1114 'aaa’
371 1059 434 1109 ἅττ’
450 1057 503 1126 ἔχοι
520 1053 602 1107 ταῦτ’
622 1035 677 1121 iss,
695 1060 826 1128 ταρίχους
844 1060 873 1111 δ’
889 1059 1026 1124 ἀπολέσας

167 1194 256 1263 Haeo
277 1197 376 1279 igitur
393 1193 501 1252 omnio
516 1198 606 1267 sunt,
630 1209 711 1275 quae
725 1186 842 1272 labeo,
864 1189 1064 1254 salsamentis
1078 1214 1135 1256 uu·

166 1294 229 1369 tem
237 1298 419 1389 privabor?
441 1312 510 1360 tum
528 1296 668 1362 ἀπολέσω
683 1298 917 1364 coniunctimm
940 1323 1016 1366 esse.
1056 1301 1134 1366 Post
1241 1348 1248 1357 ,

168 1407 352 1480 huiusmodi
371 1422 457 1473 certe
473 1422 653 1472 commenta
667 1407 756 1473 locus
770 1409 849 1492 erit,
874 1425 910 1476 ut
924 1433 1034 1500 spero,
1059 1410 1132 1479 huie
1208 1461 1213 1471 .

174 1518 373 1588 coniecturae
394 1536 502 1581 meaes

287 1647 384 1700 'litto’
400 1647 463 1697 ἀπ’
478 1645 549 1715 ἔχω,
568 1645 651 1697 ταῦτ’
667 1646 693 1705 λς
711 1647 841 1716 ταρίχους
856 1646 988 1735 ἀπολέσω.

160 1776 283 1862 ltaque
309 1773 462 1862 quidquid
469 1771 596 1857 labeo,
624 1773 661 1837 td
678 1796 770 1837 omne
792 1779 826 1836 ἰπ
849 1773 1041 1839 salsamenta
1058 1800 1137 1864 pro·

160 1882 322 1971 fundam:
343 1881 429 1971 qood
442 1881 570 1949 ¹dietum
594 1898 640 1948 ast
659 1885 701 1948 ab
724 1905 782 1966 eo,
808 1886 861 1971 qui
882 1884 1053 1975 abliguritis
1066 1887 1134 1954 lere

174 1992 320 2057 omnibus
348 1993 502 2059 oruciatm
533 1993 617 2059 fame
648 1991 801 2082 quidquid
835 1994 896 2059 sibi
926 2012 1065 2084 superest
1093 1995 1134 2062 ad

165 2101 337 2175 ,emendum
371 2105 479 2171 cibum
499 2103 699 2169 'vilissimum
734 2103 929 2193 perdendum
967 2106 1131 2185 exclamat.

167 2213 268 2278 Notus
292 2229 339 2278 est
363 2237 450 2294 ustas,
478 2236 542 2300 quo
565 2220 597 2288 ἐς
611 2218 752 2300 ταρίχους
772 2216 928 2304 significat
943 2218 989 2282 ad
1000 2218 1132 2284 emenda

166 2324 372 2390 salsamenta.
396 2323 493 2387 Arist.
510 2323 596 2387 Plut.
614 2323 692 2406 982.
708 2345 777 2408 sqq.

324 2445 404 2497 Ἀλλ’
419 2445 550 2514 ἀργυρίου
568 2442 696 2510 δραχμὰς
710 2443 743 2493 ἂν
760 2445 838 2511 ᾔτηά
856 2445 957 2496 rixatur

324 2536 377 2595 Etr
393 2536 514 2600 ἱμάτιον,
533 2531 603 2583 ἀπὸ
619 2532 648 2583 δ’
664 2531 697 2583 ἂν
715 2536 757 2592 tic
775 2533 953 2607 ὑποδήματα.

166 2667 202 2718 et
231 2649 306 2713 alibi
330 2670 436 2736 saepe.
490 2644 683 2711 Salsamenta
709 2643 799 2709 cibus
827 2661 894 2710 erat
917 2645 1130 2736 servulorum,

164 2758 356 2837 rusticorum
368 2775 400 2822 et
411 2755 630 2820 vilissimorum
642 2755 806 2821 hominum
815 2754 900 2844 (ride
907 2757 1001 2823 Arist.
1010 2760 1132 2850 Equttt.

170 2893 218 2937 rs.
232 2872 324 2947 tall.
340 2867 499 2955 Theophr.
515 2870 591 2952 Περὶ
598 2867 770 2953 ἀγροικίας,
786 2867 893 2955 ibique
901 2868 1132 2956 Casaubonum)

168 2995 264 3067 atque
275 2976 356 3042 adeo
368 2977 499 3042 minimo
511 2978 615 3066 pretio
628 2977 808 3060 constabat,
819 2976 903 3044 unde
916 2983 1131 3067 proverbium:

167 3094 309 3178 ταρίχους·
329 3091 488 3174 ἀξιώτερος
511 3086 595 3176 apud
621 3089 716 3152 Arist.
742 3088 838 3174 Vesp.
865 3111 911 3155 rs.
935 3091 1011 3178 489.
1035 3092 1075 3159 de
1096 3118 1132 3159 re

162 3202 324 3269 ¹vilissima.
370 3200 412 3263 Et
425 3197 638 3288 significanter
652 3195 772 3263 dictum
786 3212 833 3262 est
846 3200 1000 3280 ἀπολέσω,
1017 3203 1133 3290 disper·

168 3311 259 3393 darn,
270 3318 453 3398 pretiosam,
464 3309 646 3397 prodigam,
662 3310 736 3396 quia
749 3309 863 3392 homo,
878 3311 964 3398 quod
978 3328 1132 3401 superest,

166 3418 202 3513 id
215 3441 309 3483 omne
323 3435 451 3485 enectus
464 3419 548 3485 fame
563 3433 610 3482 est
623 3418 828 3508 impensurus.
853 3419 950 3483 Plane
964 3419 1131 3508 gemellum

170 3544 230 3610 est,
245 3527 329 3615 quod
338 3530 432 3593 habet
439 3530 536 3594 Arist.
547 3528 684 3596 Nub.vs.
694 3527 888 3616 859.Ὣσπερ
899 3529 1078 3615 Περικλέης,
1092 3538 1133 3610 είς

166 3644 204 3708 τὸ
219 3638 290 3706 δέον
307 3639 456 3705 ἀπώλεσα.
501 3638 608 3703 Nolim
626 3654 731 3703 tamen
746 3622 892 3722 diffiteri,
915 3640 992 3704 mihi
1007 3664 1130 3733 semper

168 3747 251 3816 istud
276 3747 413 3814 ἀπολέσω
429 3749 533 3813 risam,
550 3772 616 3814 esse
640 3747 792 3830 formam,
815 3771 907 3836 quam
923 3749 1062 3819 Platonis
1079 3779 1131 3821 ae·

168 3860 274 3948 quales
301 3880 368 3922 non
391 3856 546 3946 patienter
569 3857 726 3921 tulissent:
758 3880 888 3946 eamque
912 3875 1129 3949 praeterquam

170 3969 231 4038 hoc
254 3971 345 4051 loco,
375 3983 408 4035 et
430 3967 507 4035 item
531 3967 564 4033 iu
586 3966 685 4033 altero
700 3967 840 4037 Platonis
855 3970 1029 4059 lragtnento
1046 3966 1129 4062 apud
