2618 4934
610 403 675 472 109

160 606 306 693 Platonis
319 613 417 680 rerba
431 607 562 679 eandem
577 610 742 675 continere
752 604 1022 697 eriurinationem‚
1035 634 1129 702 quam

120 735 124 739 ’
161 731 341 819 Amipsias,
364 712 581 814 Aristonymus
606 737 639 788 et
660 722 839 789 Sannurion
861 723 951 813 (quin
965 726 1060 790 etiam
1074 726 1131 791 ali·

164 842 238 909 aubi
261 841 330 928 ipse
344 835 449 924 Plato)
463 834 509 898 usi
525 833 589 898 alio
603 833 797 923 proverbio,
821 835 856 898 in
871 835 1035 901 inimicum
1049 836 1131 901 Ροό·

160 968 228 1018 tam
248 933 454 1015 iaetaverunt.
499 943 630 1008 Prorsus
645 941 779 1008 eandem
794 960 900 1010 autem
916 946 1042 1012 subesse
1056 946 1133 1010 utri·

165 1083 229 1150 que
243 1057 412 1148 proverbio
423 1054 610 1119 sententiam
627 1053 746 1118 clarum
761 1067 821 1119 est:
838 1076 950 1143 quare,
972 1056 1026 1143 qui
1041 1055 1134 1121 alter·

162 1186 271 1236 utrum
286 1166 408 1233 dictum
422 1163 616 1239 immisione
631 1164 755 1252 posuit,
771 1186 838 1229 non
852 1166 957 1254 potuit
971 1166 1018 1231 uti
1032 1166 1133 1232 altero

163 1280 199 1349 in
214 1303 285 1346 eam
299 1274 507 1356 sententiam,
520 1294 623 1360 'mam
637 1274 698 1338 riri
713 1272 802 1339 doeti
814 1275 1000 1343 voluerunt:

197 1390 322 1476 ¹ltaque
345 1386 372 1451 si
397 1385 462 1451 hoo
483 1379 692 1466 conceditur,
715 1405 783 1448 non
805 1384 940 1450 multum
962 1408 1137 1476 repugnan-

170 1496 260 1564 dum·
275 1494 416 1579 ridetur,
450 1493 527 1582 quin
554 1491 694 1557 Platonis
720 1493 813 1559 istam
837 1496 1068 1561 cavillationem
1094 1493 1137 1561 ad

170 1609 415 1699 Aristophanem
431 1600 618 1670 trahendam
632 1624 699 1668 esse
713 1618 899 1671 statuamus:
916 1605 1037 1672 seilicet
1052 1603 1138 1671 haud

167 1740 290 1802 seous,·
306 1722 402 1804 mam
426 1714 602 1802 Amipsias,
629 1713 848 1804 Aristonymus
873 1731 906 1780 et
931 1714 1137 1799 sensurias,

169 1825 368 1914 iniquissima
394 1823 497 1890 ferens
518 1847 574 1889 sua
597 1808 730 1913 semper'
742 1847 818 1913 prae
835 1825 1053 1914 Aristophanis
1074 1848 1140 1890 eau-

172 1936 312 2003 minibus
326 1933 447 2026 populo
459 1933 658 2020 sordescere,
683 1936 829 2026 arripuit,
845 1935 933 2024 quod
946 1937 997 2000 isti
1011 1933 1142 2027 putidae

143 2034 148 2041 ⁸
172 2047 303 2113 inertiae
317 2062 427 2113 notam
440 2046 568 2112 inurere
582 2070 674 2136 posse
689 2045 859 2113 rideretur.

214 2153 278 2221 Sed
304 2179 370 2226 nou
403 2153 635 2245 praetereunda
665 2170 713 2220 est
741 2156 920 2245 'gravissima
947 2152 1115 2223 difficultas
1127 2204 1138 2241 ,

172 2287 251 2355 qsrae
270 2265 354 2330 hane
378 2264 673 2351 interpretationem
687 2263 755 2328 sine
769 2266 984 2331 controversia
997 2267 1142 2334 reiieien·

171 2375 244 2449 dam
257 2397 324 2442 esse
336 2394 438 2467 prope
451 2371 590 2436 clamare
603 2368 740 2434 ridetur.
756 2370 880 2458 Nempe
891 2375 985 2440 αὐτὸν
998 2385 1145 2446 ποιοῦντα

149 2463 353 2584 *oportuisse
374 2482 527 2572 seriptum
551 2497 635 2543 esse:
650 2480 747 2563 'quae
765 2500 816 2543 res
839 2479 885 2547 ita
909 2479 1009 2547 movit
1027 2481 1148 2552 Μαίης.

174 2595 280 2676 hum,
301 2590 457 2656 Rankium
472 2588 513 2652 de
528 2593 582 2653 vit.
598 2587 701 2653 Arist.
718 2608 752 2677 p.
764 2608 866 2670 corr„
880 2603 913 2653 et
926 2586 1095 2675 Neekium,
1110 2610 1147 2661 ut

176 2708 248 2787 sine
268 2727 359 2779 mora
379 2725 449 2771 rem
464 2698 631 2766 diremtum
647 2721 713 2765 esse
728 2699 787 2765 sibi
801 2697 1037 2788 persuaderent.
1082 2701 1146 2769 Sed

177 2826 321 2904 superest
343 2810 474 2901 aliquid,
498 2808 600 2899 quod,
623 2809 774 2878 sinerum
788 2826 853 2894 est,
875 2834 1004 2879 omnem
1019 2836 1146 2906 scrupu-

176 2928 245 3002 lum
270 2926 388 3016 poterit
413 2923 559 2994 eximere.
602 2919 927 2989 Animadvertendum
948 2940 1015 2991 erat
1036 2926 1071 2992 in
1086 2928 1145 2995 Eu-

178 3039 285 3105 stathii
306 3037 399 3101 loeo:
424 3036 529 3102 διὰτὸ
547 3038 602 3108 τὰς
620 3034 780 3117 κωμῳδίας
802 3032 919 3125 (φησὶν)
942 3036 1033 3113 aistis
1049 3046 1148 3107 ποιῶν

180 3149 285 3223 ἄλλοις
307 3145 463 3213 ἐκδιδόναι
479 3140 634 3232 (παρέχειν
653 3138 754 3232 Suid.)
779 3143 831 3209 διὰ
854 3147 966 3215 nevius
987 3146 1148 3233 Ἀρκάδας

180 3267 336 3343 μιμεῖσθαι
365 3260 439 3342 ἔφη,
473 3254 607 3320 verbum
633 3253 742 3337 φησίν,
773 3250 867 3318 unde·
880 3254 981 3321 facilis
1008 3257 1147 3323 nascitur
1184 3347 1186 3352 Ι

181 3369 334 3456 suspicio,
361 3367 458 3456 ipsius
483 3364 602 3429 Poetae
624 3363 720 3428 verbu
742 3363 884 3450 subesse,
912 3365 946 3432 in
969 3367 1054 3434 hunc
1079 3366 1147 3434 {ere

183 3477 316 3546 modum
337 3473 575 3567 componenda:

496 3627 532 3644 ι-
564 3626 600 3642 -
667 3597 751 3658 αὐτὸς
770 3597 912 3668 κωμῳδίας

280 3685 374 3741 Hesus
390 3679 444 3740 εἶτ’
459 3687 552 3746 ἄλλοις
566 3688 694 3759 παρέχω
710 3683 856 3756 Ἀρκάδας
869 3688 1043 3754 μιμούμενος.
1133 3756 1136 3761 ἢ

186 3824 270 3894 quae
283 3800 458 3891 perscripta
472 3800 613 3866 versibus
628 3798 809 3888 Eupolideis
824 3801 858 3866 in
873 3802 1019 3869 Parabasi
1033 3827 1052 3870 e
1067 3803 1149 3872 Poe·

185 3932 237 3981 tae
253 3933 388 4004 persona
396 3908 598 4000 'pronuntiari
611 3910 716 4000 palam
734 3926 791 3980 est.
838 3912 938 3980 Simul
953 3931 1081 4005 apparet
1096 3918 1148 3985 διὰ

183 4025 294 4098 aerius
314 4020 599 4089 Grammaticorum
624 4014 825 4093 coniecturae
850 4023 976 4112 deberi,
1000 4043 1034 4093 et
1061 4025 1148 4116 quod
