<?xml version="1.0" encoding="UTF-8"?>
<!DOCTYPE html PUBLIC "-//W3C//DTD XHTML 1.0 Transitional//EN"
    "http://www.w3.org/TR/xhtml1/DTD/xhtml1-transitional.dtd">
<html xmlns="http://www.w3.org/1999/xhtml" xml:lang="en" lang="en">
 <head>
  <title>
</title>
<meta http-equiv="Content-Type" content="text/html;charset=utf-8" />
  <meta name='ocr-system' content='tesseract 3.04.00' />
  <meta name='ocr-capabilities' content='ocr_page ocr_carea ocr_par ocr_line ocrx_word'/>
</head>
<body>
  <div class='ocr_page' id='page_1' title='image "./observationescr01cobegoog/observationescr01cobegoog_0017.png"; bbox 0 0 2618 4934; ppageno 0'>
   <div class='ocr_carea' id='block_1_1' title="bbox 643 337 665 399">
    <p class='ocr_par' dir='ltr' id='par_1_1' title="bbox 643 337 665 399">
     <span class='ocr_line' id='line_1_1' title="bbox 643 337 665 399; baseline 0 0"><span class='ocrx_word' id='word_1_1' title='bbox 643 337 665 399; x_wconf 78' lang='lat'><strong>2</strong></span> 
     </span>
    </p>
   </div>
   <div class='ocr_carea' id='block_1_2' title="bbox 129 535 1139 745">
    <p class='ocr_par' dir='ltr' id='par_1_2' title="bbox 129 535 1139 745">
     <span class='ocr_line' id='line_1_2' title="bbox 175 535 1138 632; baseline -0.002 -22"><span class='ocrx_word' id='word_1_2' title='bbox 175 559 243 610; x_wconf 85' lang='lat' dir='ltr'><strong>arte</strong></span> <span class='ocrx_word' id='word_1_3' title='bbox 267 541 443 632; x_wconf 85' lang='lat' dir='ltr'><strong>composita</strong></span> <span class='ocrx_word' id='word_1_4' title='bbox 462 538 514 626; x_wconf 90' lang='lat' dir='ltr'><strong>vel</strong></span> <span class='ocrx_word' id='word_1_5' title='bbox 536 551 659 621; x_wconf 84' lang='lat' dir='ltr'><strong>ornata,</strong></span> <span class='ocrx_word' id='word_1_6' title='bbox 681 535 737 602; x_wconf 92' lang='lat' dir='ltr'><strong>sed</strong></span> <span class='ocrx_word' id='word_1_7' title='bbox 757 537 823 603; x_wconf 84' lang='lat' dir='ltr'><strong>fere</strong></span> <span class='ocrx_word' id='word_1_8' title='bbox 838 553 931 604; x_wconf 90' lang='lat' dir='ltr'><strong>acuto</strong></span> <span class='ocrx_word' id='word_1_9' title='bbox 946 554 979 605; x_wconf 93' lang='lat' dir='ltr'><strong>et</strong></span> <span class='ocrx_word' id='word_1_10' title='bbox 993 539 1138 608; x_wconf 86' lang='lat' dir='ltr'><strong>mordaci</strong></span> 
     </span>
     <span class='ocr_line' id='line_1_3' title="bbox 129 647 1139 745; baseline -0.014 -26"><span class='ocrx_word' id='word_1_11' title='bbox 129 677 131 680; x_wconf 71' lang='grc'>’</span> <span class='ocrx_word' id='word_1_12' title='bbox 173 652 300 745; x_wconf 83' lang='lat' dir='ltr'><strong>ingenio</strong></span> <span class='ocrx_word' id='word_1_13' title='bbox 325 651 456 715; x_wconf 89' lang='lat' dir='ltr'><strong>subnata</strong></span> <span class='ocrx_word' id='word_1_14' title='bbox 475 647 669 737; x_wconf 84' lang='lat' dir='ltr'><strong>proferentes</strong></span> <span class='ocrx_word' id='word_1_15' title='bbox 690 671 756 712; x_wconf 89' lang='lat' dir='ltr'><strong>non</strong></span> <span class='ocrx_word' id='word_1_16' title='bbox 778 649 874 738; x_wconf 85' lang='lat' dir='ltr'><strong>magis</strong></span> <span class='ocrx_word' id='word_1_17' title='bbox 889 673 949 738; x_wconf 91' lang='lat' dir='ltr'><strong>pro</strong></span> <span class='ocrx_word' id='word_1_18' title='bbox 964 652 1066 739; x_wconf 73' lang='lat' dir='ltr'><strong>poetis</strong></span> <span class='ocrx_word' id='word_1_19' title='bbox 1082 675 1139 717; x_wconf 93' lang='lat' dir='ltr'><strong>co.</strong></span> 
     </span>
    </p>
   </div>
   <div class='ocr_carea' id='block_1_3' title="bbox 88 756 1141 4023">
    <p class='ocr_par' dir='ltr' id='par_1_3' title="bbox 88 756 1141 4023">
     <span class='ocr_line' id='line_1_4' title="bbox 172 756 1139 850; baseline 0.001 -24"><span class='ocrx_word' id='word_1_20' title='bbox 172 762 263 828; x_wconf 92' lang='lat' dir='ltr'><strong>micis</strong></span> <span class='ocrx_word' id='word_1_21' title='bbox 281 757 418 823; x_wconf 89' lang='lat' dir='ltr'><strong>habendi</strong></span> <span class='ocrx_word' id='word_1_22' title='bbox 437 771 522 837; x_wconf 89' lang='lat' dir='ltr'><strong>sunt,</strong></span> <span class='ocrx_word' id='word_1_23' title='bbox 547 779 640 843; x_wconf 90' lang='lat' dir='ltr'><strong>quam</strong></span> <span class='ocrx_word' id='word_1_24' title='bbox 660 756 790 846; x_wconf 90' lang='lat' dir='ltr'><strong>Thespis</strong></span> <span class='ocrx_word' id='word_1_25' title='bbox 811 757 852 822; x_wconf 91' lang='lat' dir='ltr'><strong>ad</strong></span> <span class='ocrx_word' id='word_1_26' title='bbox 867 759 1016 848; x_wconf 81' lang='lat' dir='ltr'>Tragicos</span> <span class='ocrx_word' id='word_1_27' title='bbox 1031 777 1139 850; x_wconf 90' lang='lat' dir='ltr'><strong>potest</strong></span> 
     </span>
     <span class='ocr_line' id='line_1_5' title="bbox 173 865 1135 962; baseline -0.002 -24"><span class='ocrx_word' id='word_1_28' title='bbox 173 869 295 938; x_wconf 85' lang='lat' dir='ltr'><strong>referri.</strong></span> <span class='ocrx_word' id='word_1_29' title='bbox 320 869 467 933; x_wconf 90' lang='lat' dir='ltr'><strong>Divinum</strong></span> <span class='ocrx_word' id='word_1_30' title='bbox 482 881 586 930; x_wconf 89' lang='lat' dir='ltr'><strong>autem</strong></span> <span class='ocrx_word' id='word_1_31' title='bbox 601 865 668 931; x_wconf 89' lang='lat' dir='ltr'><strong>fere</strong></span> <span class='ocrx_word' id='word_1_32' title='bbox 686 866 745 930; x_wconf 86' lang='lat' dir='ltr'><strong>fuit</strong></span> <span class='ocrx_word' id='word_1_33' title='bbox 759 867 792 931; x_wconf 93' lang='lat' dir='ltr'><strong>in</strong></span> <span class='ocrx_word' id='word_1_34' title='bbox 808 868 937 933; x_wconf 84' lang='lat' dir='ltr'>Cratino</span> <span class='ocrx_word' id='word_1_35' title='bbox 952 871 1135 962; x_wconf 83' lang='lat' dir='ltr'>ingenium,</span> 
     </span>
     <span class='ocr_line' id='line_1_6' title="bbox 168 964 1141 1069; baseline 0.001 -24"><span class='ocrx_word' id='word_1_36' title='bbox 168 964 227 1069; x_wconf 84' lang='lat' dir='ltr'><strong>¹qui</strong></span> <span class='ocrx_word' id='word_1_37' title='bbox 246 1001 285 1044; x_wconf 90' lang='lat' dir='ltr'><strong>ex</strong></span> <span class='ocrx_word' id='word_1_38' title='bbox 303 975 521 1065; x_wconf 84' lang='lat' dir='ltr'><strong>incompositis</strong></span> <span class='ocrx_word' id='word_1_39' title='bbox 540 975 661 1040; x_wconf 87' lang='lat' dir='ltr'><strong>facetiis</strong></span> <span class='ocrx_word' id='word_1_40' title='bbox 676 975 854 1064; x_wconf 83' lang='lat' dir='ltr'><strong>salibusque</strong></span> <span class='ocrx_word' id='word_1_41' title='bbox 868 978 967 1068; x_wconf 84' lang='lat' dir='ltr'><strong>magis</strong></span> <span class='ocrx_word' id='word_1_42' title='bbox 981 979 1141 1046; x_wconf 89' lang='lat' dir='ltr'><strong>mordaci·</strong></span> 
     </span>
     <span class='ocr_line' id='line_1_7' title="bbox 170 1084 1139 1178; baseline 0.001 -22"><span class='ocrx_word' id='word_1_43' title='bbox 170 1092 230 1157; x_wconf 89' lang='lat' dir='ltr'><strong>bus</strong></span> <span class='ocrx_word' id='word_1_44' title='bbox 253 1110 348 1178; x_wconf 87' lang='lat' dir='ltr'><strong>quarn</strong></span> <span class='ocrx_word' id='word_1_45' title='bbox 370 1084 483 1176; x_wconf 92' lang='lat' dir='ltr'><strong>lepidis</strong></span> <span class='ocrx_word' id='word_1_46' title='bbox 507 1100 539 1150; x_wconf 91' lang='lat' dir='ltr'><strong>et</strong></span> <span class='ocrx_word' id='word_1_47' title='bbox 560 1085 729 1174; x_wconf 76' lang='lat' dir='ltr'><strong>ingeniosis</strong></span> <span class='ocrx_word' id='word_1_48' title='bbox 744 1086 851 1152; x_wconf 86' lang='lat' dir='ltr'><strong>effecit</strong></span> <span class='ocrx_word' id='word_1_49' title='bbox 864 1088 944 1153; x_wconf 92' lang='lat' dir='ltr'><strong>illud</strong></span> <span class='ocrx_word' id='word_1_50' title='bbox 958 1089 1139 1158; x_wconf 83' lang='lat' dir='ltr'><strong>tabularum</strong></span> 
     </span>
     <span class='ocr_line' id='line_1_8' title="bbox 88 1195 1139 1292; baseline 0.002 -27"><span class='ocrx_word' id='word_1_51' title='bbox 88 1202 95 1219; x_wconf 67' lang='lat'><strong>⁹</strong></span> <span class='ocrx_word' id='word_1_52' title='bbox 172 1223 288 1292; x_wconf 84' lang='lat' dir='ltr'><strong>genus,</strong></span> <span class='ocrx_word' id='word_1_53' title='bbox 313 1195 398 1286; x_wconf 89' lang='lat' dir='ltr'><strong>quod</strong></span> <span class='ocrx_word' id='word_1_54' title='bbox 422 1197 489 1260; x_wconf 90' lang='lat' dir='ltr'><strong>sine</strong></span> <span class='ocrx_word' id='word_1_55' title='bbox 510 1195 655 1284; x_wconf 86' lang='lat' dir='ltr'><strong>exemplo</strong></span> <span class='ocrx_word' id='word_1_56' title='bbox 675 1196 735 1260; x_wconf 88' lang='lat' dir='ltr'><strong>fuit</strong></span> <span class='ocrx_word' id='word_1_57' title='bbox 754 1197 1017 1288; x_wconf 83' lang='lat' dir='ltr'><strong>elegantissimum</strong></span> <span class='ocrx_word' id='word_1_58' title='bbox 1033 1216 1065 1266; x_wconf 89' lang='lat' dir='ltr'><strong>et</strong></span> <span class='ocrx_word' id='word_1_59' title='bbox 1079 1225 1139 1291; x_wconf 91' lang='lat' dir='ltr'><strong>pa·</strong></span> 
     </span>
     <span class='ocr_line' id='line_1_9' title="bbox 170 1305 1138 1399; baseline 0.003 -25"><span class='ocrx_word' id='word_1_60' title='bbox 170 1311 250 1375; x_wconf 88' lang='lat' dir='ltr'><strong>triae</strong></span> <span class='ocrx_word' id='word_1_61' title='bbox 276 1309 456 1395; x_wconf 85' lang='lat' dir='ltr'><strong>civibusque</strong></span> <span class='ocrx_word' id='word_1_62' title='bbox 484 1305 702 1399; x_wconf 90' lang='lat' dir='ltr'><strong>utilissimum:</strong></span> <span class='ocrx_word' id='word_1_63' title='bbox 735 1307 827 1394; x_wconf 90' lang='lat' dir='ltr'><strong>quale</strong></span> <span class='ocrx_word' id='word_1_64' title='bbox 860 1309 955 1374; x_wconf 89' lang='lat' dir='ltr'><strong>etiam</strong></span> <span class='ocrx_word' id='word_1_65' title='bbox 983 1334 1138 1399; x_wconf 87' lang='lat' dir='ltr'><strong>nusquam</strong></span> 
     </span>
     <span class='ocr_line' id='line_1_10' title="bbox 170 1415 1138 1486; baseline 0.001 -2"><span class='ocrx_word' id='word_1_66' title='bbox 170 1436 324 1484; x_wconf 88' lang='lat' dir='ltr'><strong>terrarum</strong></span> <span class='ocrx_word' id='word_1_67' title='bbox 351 1417 410 1481; x_wconf 87' lang='lat' dir='ltr'><strong>nisi</strong></span> <span class='ocrx_word' id='word_1_68' title='bbox 432 1415 564 1480; x_wconf 82' lang='lat' dir='ltr'><strong>Athenis</strong></span> <span class='ocrx_word' id='word_1_69' title='bbox 590 1432 622 1479; x_wconf 91' lang='lat' dir='ltr'><strong>et</strong></span> <span class='ocrx_word' id='word_1_70' title='bbox 646 1415 680 1479; x_wconf 93' lang='lat' dir='ltr'><strong>in</strong></span> <span class='ocrx_word' id='word_1_71' title='bbox 706 1415 908 1482; x_wconf 89' lang='lat' dir='ltr'><strong>Democratia</strong></span> <span class='ocrx_word' id='word_1_72' title='bbox 933 1419 1039 1483; x_wconf 83' lang='lat' dir='ltr'><strong>Attica</strong></span> <span class='ocrx_word' id='word_1_73' title='bbox 1058 1421 1138 1486; x_wconf 88' lang='lat' dir='ltr'><strong>oriri</strong></span> 
     </span>
     <span class='ocr_line' id='line_1_11' title="bbox 167 1525 1138 1619; baseline 0.002 -26"><span class='ocrx_word' id='word_1_74' title='bbox 167 1529 273 1619; x_wconf 83' lang='lat' dir='ltr'><strong>potuit</strong></span> <span class='ocrx_word' id='word_1_75' title='bbox 297 1543 462 1615; x_wconf 90' lang='lat' dir='ltr'><strong>ortumque</strong></span> <span class='ocrx_word' id='word_1_76' title='bbox 482 1525 607 1592; x_wconf 81' lang='lat' dir='ltr'><strong>llorere.</strong></span> <span class='ocrx_word' id='word_1_77' title='bbox 652 1526 795 1615; x_wconf 85' lang='lat' dir='ltr'><strong>Namque</strong></span> <span class='ocrx_word' id='word_1_78' title='bbox 815 1551 852 1592; x_wconf 89' lang='lat' dir='ltr'><strong>ea</strong></span> <span class='ocrx_word' id='word_1_79' title='bbox 866 1528 926 1592; x_wconf 87' lang='lat' dir='ltr'><strong>fuit</strong></span> <span class='ocrx_word' id='word_1_80' title='bbox 940 1551 1064 1617; x_wconf 87' lang='lat' dir='ltr'><strong>semper</strong></span> <span class='ocrx_word' id='word_1_81' title='bbox 1079 1531 1138 1596; x_wconf 79' lang='lat' dir='ltr'><strong>At-</strong></span> 
     </span>
     <span class='ocr_line' id='line_1_12' title="bbox 169 1636 1139 1727; baseline 0.002 -23"><span class='ocrx_word' id='word_1_82' title='bbox 169 1640 307 1705; x_wconf 90' lang='lat' dir='ltr'><strong>ticorum</strong></span> <span class='ocrx_word' id='word_1_83' title='bbox 319 1637 540 1702; x_wconf 88' lang='lat' dir='ltr'><strong>Democratiae</strong></span> <span class='ocrx_word' id='word_1_84' title='bbox 554 1637 651 1719; x_wconf 89' lang='lat' dir='ltr'><strong>ratio,</strong></span> <span class='ocrx_word' id='word_1_85' title='bbox 666 1652 702 1701; x_wconf 90' lang='lat' dir='ltr'><strong>ut</strong></span> <span class='ocrx_word' id='word_1_86' title='bbox 719 1636 889 1702; x_wconf 91' lang='lat' dir='ltr'><strong>multitudo</strong></span> <span class='ocrx_word' id='word_1_87' title='bbox 902 1638 1028 1727; x_wconf 92' lang='lat' dir='ltr'><strong>populi,</strong></span> <span class='ocrx_word' id='word_1_88' title='bbox 1046 1639 1139 1706; x_wconf 81' lang='lat' dir='ltr'><strong>avide</strong></span> 
     </span>
     <span class='ocr_line' id='line_1_13' title="bbox 166 1747 1138 1836; baseline 0.002 -22"><span class='ocrx_word' id='word_1_89' title='bbox 166 1749 335 1831; x_wconf 84' lang='lat' dir='ltr'><strong>libertatis,</strong></span> <span class='ocrx_word' id='word_1_90' title='bbox 353 1771 433 1834; x_wconf 90' lang='lat' dir='ltr'><strong>quae</strong></span> <span class='ocrx_word' id='word_1_91' title='bbox 450 1762 542 1811; x_wconf 91' lang='lat' dir='ltr'><strong>acuta</strong></span> <span class='ocrx_word' id='word_1_92' title='bbox 558 1747 699 1809; x_wconf 91' lang='lat' dir='ltr'><strong>omnium</strong></span> <span class='ocrx_word' id='word_1_93' title='bbox 712 1749 838 1836; x_wconf 84' lang='lat' dir='ltr'><strong>ingenia</strong></span> <span class='ocrx_word' id='word_1_94' title='bbox 853 1748 886 1811; x_wconf 96' lang='lat' dir='ltr'><strong>in</strong></span> <span class='ocrx_word' id='word_1_95' title='bbox 901 1747 967 1812; x_wconf 89' lang='lat' dir='ltr'><strong>dies</strong></span> <span class='ocrx_word' id='word_1_96' title='bbox 983 1748 1138 1816; x_wconf 87' lang='lat' dir='ltr'><strong>reddebat</strong></span> 
     </span>
     <span class='ocr_line' id='line_1_14' title="bbox 167 1856 1135 1950; baseline 0.004 -26"><span class='ocrx_word' id='word_1_97' title='bbox 167 1859 325 1939; x_wconf 86' lang='lat' dir='ltr'><strong>acutiora,</strong></span> <span class='ocrx_word' id='word_1_98' title='bbox 358 1859 443 1924; x_wconf 77' lang='lat' dir='ltr'><strong>viros</strong></span> <span class='ocrx_word' id='word_1_99' title='bbox 469 1856 656 1943; x_wconf 89' lang='lat' dir='ltr'><strong>primarios,</strong></span> <span class='ocrx_word' id='word_1_100' title='bbox 681 1857 792 1944; x_wconf 91' lang='lat' dir='ltr'><strong>quibus</strong></span> <span class='ocrx_word' id='word_1_101' title='bbox 817 1858 967 1924; x_wconf 88' lang='lat' dir='ltr'><strong>nobilitas</strong></span> <span class='ocrx_word' id='word_1_102' title='bbox 990 1864 1135 1950; x_wconf 81' lang='lat' dir='ltr'><strong>generis,</strong></span> 
     </span>
     <span class='ocr_line' id='line_1_15' title="bbox 168 1964 1139 2058; baseline 0.003 -25"><span class='ocrx_word' id='word_1_103' title='bbox 168 1990 265 2058; x_wconf 90' lang='lat' dir='ltr'><strong>opes,</strong></span> <span class='ocrx_word' id='word_1_104' title='bbox 292 1967 424 2031; x_wconf 91' lang='lat' dir='ltr'><strong>virtutes</strong></span> <span class='ocrx_word' id='word_1_105' title='bbox 452 1964 588 2029; x_wconf 69' lang='lat' dir='ltr'><strong>bellilei</strong></span> <span class='ocrx_word' id='word_1_106' title='bbox 614 1965 701 2053; x_wconf 85' lang='lat' dir='ltr'><strong>pacis</strong></span> <span class='ocrx_word' id='word_1_107' title='bbox 728 1989 804 2054; x_wconf 90' lang='lat' dir='ltr'><strong>prae</strong></span> <span class='ocrx_word' id='word_1_108' title='bbox 822 1968 960 2057; x_wconf 84' lang='lat' dir='ltr'><strong>reliquie</strong></span> <span class='ocrx_word' id='word_1_109' title='bbox 989 1972 1139 2037; x_wconf 82' lang='lat' dir='ltr'><strong>omnibus</strong></span> 
     </span>
     <span class='ocr_line' id='line_1_16' title="bbox 167 2075 1137 2169; baseline 0.004 -27"><span class='ocrx_word' id='word_1_110' title='bbox 167 2076 300 2169; x_wconf 78' lang='lat' dir='ltr'><strong>gmtiam</strong></span> <span class='ocrx_word' id='word_1_111' title='bbox 328 2076 607 2140; x_wconf 86' lang='lat' dir='ltr'><strong>etauctoritatem</strong></span> <span class='ocrx_word' id='word_1_112' title='bbox 634 2075 899 2162; x_wconf 84' lang='lat' dir='ltr'><strong>conciliaverant,</strong></span> <span class='ocrx_word' id='word_1_113' title='bbox 929 2076 1027 2144; x_wconf 89' lang='lat' dir='ltr'><strong>modo</strong></span> <span class='ocrx_word' id='word_1_114' title='bbox 1053 2095 1137 2146; x_wconf 89' lang='lat' dir='ltr'><strong>tam-</strong></span> 
     </span>
     <span class='ocr_line' id='line_1_17' title="bbox 167 2183 1140 2277; baseline 0.004 -25"><span class='ocrx_word' id='word_1_115' title='bbox 167 2211 261 2276; x_wconf 87' lang='lat' dir='ltr'><strong>quam</strong></span> <span class='ocrx_word' id='word_1_116' title='bbox 285 2199 462 2275; x_wconf 88' lang='lat' dir='ltr'><strong>praesentes</strong></span> <span class='ocrx_word' id='word_1_117' title='bbox 485 2183 570 2250; x_wconf 89' lang='lat' dir='ltr'><strong>Deos</strong></span> <span class='ocrx_word' id='word_1_118' title='bbox 591 2200 806 2269; x_wconf 85' lang='lat' dir='ltr'><strong>veneraretur,</strong></span> <span class='ocrx_word' id='word_1_119' title='bbox 829 2187 929 2253; x_wconf 92' lang='lat' dir='ltr'><strong>modo</strong></span> <span class='ocrx_word' id='word_1_120' title='bbox 948 2189 1140 2277; x_wconf 85' lang='lat' dir='ltr'><strong>suspicax&#39;et</strong></span> 
     </span>
     <span class='ocr_line' id='line_1_18' title="bbox 166 2287 1137 2386; baseline 0.006 -26"><span class='ocrx_word' id='word_1_121' title='bbox 166 2297 305 2363; x_wconf 81' lang='lat' dir='ltr'><strong>libertati</strong></span> <span class='ocrx_word' id='word_1_122' title='bbox 328 2317 400 2359; x_wconf 86' lang='lat' dir='ltr'><strong>suae</strong></span> <span class='ocrx_word' id='word_1_123' title='bbox 422 2293 514 2358; x_wconf 85' lang='lat' dir='ltr'><strong>anxie</strong></span> <span class='ocrx_word' id='word_1_124' title='bbox 536 2292 671 2358; x_wconf 86' lang='lat' dir='ltr'><strong>sollicita</strong></span> <span class='ocrx_word' id='word_1_125' title='bbox 692 2291 812 2363; x_wconf 88' lang='lat' dir='ltr'><strong>invidia</strong></span> <span class='ocrx_word' id='word_1_126' title='bbox 827 2309 860 2360; x_wconf 92' lang='lat' dir='ltr'><strong>et</strong></span> <span class='ocrx_word' id='word_1_127' title='bbox 874 2293 951 2361; x_wconf 92' lang='lat' dir='ltr'><strong>odio</strong></span> <span class='ocrx_word' id='word_1_128' title='bbox 966 2287 1137 2386; x_wconf 80' lang='lat' dir='ltr'><strong>perseque-¹</strong></span> 
     </span>
     <span class='ocr_line' id='line_1_19' title="bbox 160 2402 1135 2492; baseline 0.003 -20"><span class='ocrx_word' id='word_1_129' title='bbox 160 2422 266 2472; x_wconf 86' lang='lat' dir='ltr'><strong>retur.</strong></span> <span class='ocrx_word' id='word_1_130' title='bbox 299 2406 389 2470; x_wconf 84' lang='lat' dir='ltr'><strong>&#39;Hinc</strong></span> <span class='ocrx_word' id='word_1_131' title='bbox 404 2402 582 2469; x_wconf 88' lang='lat' dir='ltr'><strong>incredibili</strong></span> <span class='ocrx_word' id='word_1_132' title='bbox 600 2404 780 2468; x_wconf 88' lang='lat' dir='ltr'><strong>animorum</strong></span> <span class='ocrx_word' id='word_1_133' title='bbox 796 2405 974 2472; x_wconf 89' lang='lat' dir='ltr'><strong>mobilitate</strong></span> <span class='ocrx_word' id='word_1_134' title='bbox 990 2407 1135 2492; x_wconf 86' lang='lat' dir='ltr'><strong>eosdem,</strong></span> 
     </span>
     <span class='ocr_line' id='line_1_20' title="bbox 167 2512 1136 2605; baseline 0.004 -26"><span class='ocrx_word' id='word_1_135' title='bbox 167 2538 245 2605; x_wconf 90' lang='lat' dir='ltr'><strong>quos</strong></span> <span class='ocrx_word' id='word_1_136' title='bbox 260 2514 405 2582; x_wconf 90' lang='lat' dir='ltr'><strong>laudibus</strong></span> <span class='ocrx_word' id='word_1_137' title='bbox 421 2512 460 2577; x_wconf 86' lang='lat' dir='ltr'><strong>ad</strong></span> <span class='ocrx_word' id='word_1_138' title='bbox 477 2513 601 2578; x_wconf 89' lang='lat' dir='ltr'><strong>eoelum</strong></span> <span class='ocrx_word' id='word_1_139' title='bbox 616 2513 809 2596; x_wconf 84' lang='lat' dir='ltr'><strong>extulerant,</strong></span> <span class='ocrx_word' id='word_1_140' title='bbox 834 2514 1136 2596; x_wconf 72' lang='lat' dir='ltr'><strong>maledicentissimis</strong></span> 
     </span>
     <span class='ocr_line' id='line_1_21' title="bbox 167 2623 1135 2713; baseline 0.004 -21"><span class='ocrx_word' id='word_1_141' title='bbox 167 2627 317 2692; x_wconf 86' lang='lat' dir='ltr'><strong>conviciis</strong></span> <span class='ocrx_word' id='word_1_142' title='bbox 342 2625 583 2713; x_wconf 88' lang='lat' dir='ltr'><strong>opprobriisque</strong></span> <span class='ocrx_word' id='word_1_143' title='bbox 604 2623 803 2706; x_wconf 82' lang='lat' dir='ltr'><strong>lacerabant,</strong></span> <span class='ocrx_word' id='word_1_144' title='bbox 827 2625 916 2712; x_wconf 83' lang='lat' dir='ltr'><strong>quasi</strong></span> <span class='ocrx_word' id='word_1_145' title='bbox 937 2626 983 2692; x_wconf 89' lang='lat' dir='ltr'><strong>sie</strong></span> <span class='ocrx_word' id='word_1_146' title='bbox 998 2628 1135 2696; x_wconf 75' lang='lat' dir='ltr'><strong>invidiae</strong></span> 
     </span>
     <span class='ocr_line' id='line_1_22' title="bbox 167 2728 1137 2825; baseline 0.005 -26"><span class='ocrx_word' id='word_1_147' title='bbox 167 2734 339 2819; x_wconf 76' lang='lat' dir='ltr'><strong>aeriaeque</strong></span> <span class='ocrx_word' id='word_1_148' title='bbox 353 2728 556 2795; x_wconf 90' lang='lat' dir='ltr'><strong>sollicitudini</strong></span> <span class='ocrx_word' id='word_1_149' title='bbox 573 2731 714 2818; x_wconf 89' lang='lat' dir='ltr'><strong>requiem</strong></span> <span class='ocrx_word' id='word_1_150' title='bbox 729 2732 886 2799; x_wconf 89' lang='lat' dir='ltr'><strong>inventuri</strong></span> <span class='ocrx_word' id='word_1_151' title='bbox 901 2751 1018 2818; x_wconf 87' lang='lat' dir='ltr'><strong>essent,</strong></span> <span class='ocrx_word' id='word_1_152' title='bbox 1033 2760 1137 2825; x_wconf 89' lang='lat' dir='ltr'><strong>neque</strong></span> 
     </span>
     <span class='ocr_line' id='line_1_23' title="bbox 165 2839 1135 2933; baseline 0.005 -26"><span class='ocrx_word' id='word_1_153' title='bbox 165 2842 252 2908; x_wconf 82' lang='lat' dir='ltr'><strong>foret</strong></span> <span class='ocrx_word' id='word_1_154' title='bbox 275 2839 472 2930; x_wconf 86' lang='lat' dir='ltr'><strong>periculum,</strong></span> <span class='ocrx_word' id='word_1_155' title='bbox 503 2861 544 2904; x_wconf 92' lang='lat' dir='ltr'><strong>ne</strong></span> <span class='ocrx_word' id='word_1_156' title='bbox 570 2839 608 2904; x_wconf 91' lang='lat' dir='ltr'><strong>iis</strong></span> <span class='ocrx_word' id='word_1_157' title='bbox 633 2839 860 2907; x_wconf 86' lang='lat' dir='ltr'><strong>insolescerent</strong></span> <span class='ocrx_word' id='word_1_158' title='bbox 884 2843 1002 2927; x_wconf 87' lang='lat' dir='ltr'><strong>animi,</strong></span> <span class='ocrx_word' id='word_1_159' title='bbox 1031 2868 1135 2933; x_wconf 89' lang='lat' dir='ltr'><strong>quos,</strong></span> 
     </span>
     <span class='ocr_line' id='line_1_24' title="bbox 168 2947 1135 3044; baseline 0.005 -28"><span class='ocrx_word' id='word_1_160' title='bbox 168 2951 266 3016; x_wconf 88' lang='lat' dir='ltr'><strong>etiam</strong></span> <span class='ocrx_word' id='word_1_161' title='bbox 286 2949 393 3036; x_wconf 92' lang='lat' dir='ltr'><strong>inique</strong></span> <span class='ocrx_word' id='word_1_162' title='bbox 417 2962 449 3012; x_wconf 89' lang='lat' dir='ltr'><strong>et</strong></span> <span class='ocrx_word' id='word_1_163' title='bbox 463 2947 509 3039; x_wconf 89' lang='lat' dir='ltr'><strong>nil</strong></span> <span class='ocrx_word' id='word_1_164' title='bbox 524 2947 587 3012; x_wconf 87' lang='lat' dir='ltr'><strong>tale</strong></span> <span class='ocrx_word' id='word_1_165' title='bbox 602 2949 821 3034; x_wconf 85' lang='lat' dir='ltr'><strong>commeritus,</strong></span> <span class='ocrx_word' id='word_1_166' title='bbox 842 2952 944 3039; x_wconf 88' lang='lat' dir='ltr'><strong>probe</strong></span> <span class='ocrx_word' id='word_1_167' title='bbox 962 2953 1135 3044; x_wconf 86' lang='lat' dir='ltr'><strong>increpuis-</strong></span> 
     </span>
     <span class='ocr_line' id='line_1_25' title="bbox 167 3057 1133 3147; baseline 0.005 -21"><span class='ocrx_word' id='word_1_168' title='bbox 167 3075 238 3126; x_wconf 91' lang='lat' dir='ltr'><strong>sent</strong></span> <span class='ocrx_word' id='word_1_169' title='bbox 250 3057 451 3146; x_wconf 87' lang='lat' dir='ltr'><strong>ludihrioque</strong></span> <span class='ocrx_word' id='word_1_170' title='bbox 466 3058 571 3147; x_wconf 87' lang='lat' dir='ltr'><strong>palam</strong></span> <span class='ocrx_word' id='word_1_171' title='bbox 588 3059 779 3127; x_wconf 86' lang='lat' dir='ltr'><strong>habuissent.</strong></span> <span class='ocrx_word' id='word_1_172' title='bbox 826 3059 888 3142; x_wconf 89' lang='lat' dir='ltr'><strong>Qui</strong></span> <span class='ocrx_word' id='word_1_173' title='bbox 905 3079 1009 3129; x_wconf 91' lang='lat' dir='ltr'><strong>autem</strong></span> <span class='ocrx_word' id='word_1_174' title='bbox 1025 3075 1133 3131; x_wconf 88' lang='lat' dir='ltr'><strong>aucto-</strong></span> 
     </span>
     <span class='ocr_line' id='line_1_26' title="bbox 119 3168 1136 3265; baseline 0.005 -29"><span class='ocrx_word' id='word_1_175' title='bbox 119 3175 122 3184; x_wconf 50' lang='lat'><em>*</em></span> <span class='ocrx_word' id='word_1_176' title='bbox 168 3171 262 3237; x_wconf 85' lang='lat' dir='ltr'><strong>ritate</strong></span> <span class='ocrx_word' id='word_1_177' title='bbox 282 3176 315 3234; x_wconf 90' lang='lat' dir='ltr'><strong>et</strong></span> <span class='ocrx_word' id='word_1_178' title='bbox 333 3168 470 3233; x_wconf 88' lang='lat' dir='ltr'><strong>consiliis</strong></span> <span class='ocrx_word' id='word_1_179' title='bbox 486 3170 518 3233; x_wconf 93' lang='lat' dir='ltr'><strong>in</strong></span> <span class='ocrx_word' id='word_1_180' title='bbox 534 3191 604 3258; x_wconf 86' lang='lat' dir='ltr'><strong>rep.</strong></span> <span class='ocrx_word' id='word_1_181' title='bbox 621 3169 790 3258; x_wconf 84' lang='lat' dir='ltr'><strong>pollebant</strong></span> <span class='ocrx_word' id='word_1_182' title='bbox 801 3171 860 3237; x_wconf 91' lang='lat' dir='ltr'><strong>viri</strong></span> <span class='ocrx_word' id='word_1_183' title='bbox 876 3173 1051 3261; x_wconf 92' lang='lat' dir='ltr'><strong>principes,</strong></span> <span class='ocrx_word' id='word_1_184' title='bbox 1071 3199 1136 3265; x_wconf 81' lang='lat' dir='ltr'><strong>po·</strong></span> 
     </span>
     <span class='ocr_line' id='line_1_27' title="bbox 166 3280 1138 3371; baseline 0.006 -25"><span class='ocrx_word' id='word_1_185' title='bbox 166 3281 322 3371; x_wconf 87' lang='lat' dir='ltr'><strong>pularium</strong></span> <span class='ocrx_word' id='word_1_186' title='bbox 347 3281 468 3345; x_wconf 90' lang='lat' dir='ltr'><strong>animos</strong></span> <span class='ocrx_word' id='word_1_187' title='bbox 491 3281 574 3345; x_wconf 92' lang='lat' dir='ltr'><strong>bene</strong></span> <span class='ocrx_word' id='word_1_188' title='bbox 597 3280 747 3346; x_wconf 83' lang='lat' dir='ltr'><strong>callentes</strong></span> <span class='ocrx_word' id='word_1_189' title='bbox 767 3304 871 3369; x_wconf 90' lang='lat' dir='ltr'><strong>neque</strong></span> <span class='ocrx_word' id='word_1_190' title='bbox 892 3284 991 3348; x_wconf 90' lang='lat' dir='ltr'><strong>nescii</strong></span> <span class='ocrx_word' id='word_1_191' title='bbox 1006 3307 1025 3348; x_wconf 92' lang='lat' dir='ltr'><strong>a</strong></span> <span class='ocrx_word' id='word_1_192' title='bbox 1040 3285 1138 3352; x_wconf 88' lang='lat' dir='ltr'><strong>male·</strong></span> 
     </span>
     <span class='ocr_line' id='line_1_28' title="bbox 168 3389 1138 3466; baseline 0.004 -10"><span class='ocrx_word' id='word_1_193' title='bbox 168 3390 344 3457; x_wconf 91' lang='lat' dir='ltr'><strong>dicentibus</strong></span> <span class='ocrx_word' id='word_1_194' title='bbox 366 3405 398 3456; x_wconf 93' lang='lat' dir='ltr'><strong>et</strong></span> <span class='ocrx_word' id='word_1_195' title='bbox 422 3389 641 3455; x_wconf 88' lang='lat' dir='ltr'><strong>cavillantibus</strong></span> <span class='ocrx_word' id='word_1_196' title='bbox 661 3389 784 3455; x_wconf 85' lang='lat' dir='ltr'><strong>civibus</strong></span> <span class='ocrx_word' id='word_1_197' title='bbox 803 3390 882 3455; x_wconf 91' lang='lat' dir='ltr'><strong>nihil</strong></span> <span class='ocrx_word' id='word_1_198' title='bbox 896 3392 956 3455; x_wconf 91' lang='lat' dir='ltr'><strong>sibi</strong></span> <span class='ocrx_word' id='word_1_199' title='bbox 971 3392 1138 3466; x_wconf 88' lang='lat' dir='ltr'><strong>imminere</strong></span> 
     </span>
     <span class='ocr_line' id='line_1_29' title="bbox 166 3498 1137 3591; baseline 0.006 -27"><span class='ocrx_word' id='word_1_200' title='bbox 166 3501 318 3591; x_wconf 84' lang='lat' dir='ltr'><strong>periculi,</strong></span> <span class='ocrx_word' id='word_1_201' title='bbox 349 3523 415 3565; x_wconf 88' lang='lat' dir='ltr'><strong>non</strong></span> <span class='ocrx_word' id='word_1_202' title='bbox 438 3499 548 3587; x_wconf 91' lang='lat' dir='ltr'><strong>iniquo</strong></span> <span class='ocrx_word' id='word_1_203' title='bbox 573 3500 679 3565; x_wconf 88' lang='lat' dir='ltr'><strong>animo</strong></span> <span class='ocrx_word' id='word_1_204' title='bbox 705 3498 788 3587; x_wconf 80' lang='lat' dir='ltr'><strong>vulgi</strong></span> <span class='ocrx_word' id='word_1_205' title='bbox 808 3499 934 3564; x_wconf 92' lang='lat' dir='ltr'><strong>voculas</strong></span> <span class='ocrx_word' id='word_1_206' title='bbox 956 3514 988 3562; x_wconf 88' lang='lat' dir='ltr'><strong>et</strong></span> <span class='ocrx_word' id='word_1_207' title='bbox 1004 3498 1137 3570; x_wconf 84' lang='lat' dir='ltr'><strong>dicteria</strong></span> 
     </span>
     <span class='ocr_line' id='line_1_30' title="bbox 164 3608 1137 3700; baseline 0 -25"><span class='ocrx_word' id='word_1_208' title='bbox 164 3608 382 3700; x_wconf 82' lang='lat' dir='ltr'><strong>perferebant:</strong></span> <span class='ocrx_word' id='word_1_209' title='bbox 406 3624 461 3673; x_wconf 89' lang='lat' dir='ltr'><strong>aut</strong></span> <span class='ocrx_word' id='word_1_210' title='bbox 483 3608 579 3675; x_wconf 89' lang='lat' dir='ltr'><strong>etiam</strong></span> <span class='ocrx_word' id='word_1_211' title='bbox 601 3608 692 3673; x_wconf 89' lang='lat' dir='ltr'><strong>inviti</strong></span> <span class='ocrx_word' id='word_1_212' title='bbox 713 3608 922 3674; x_wconf 81' lang='lat' dir='ltr'><strong>atrocissimas</strong></span> <span class='ocrx_word' id='word_1_213' title='bbox 942 3608 1137 3675; x_wconf 87' lang='lat' dir='ltr'><strong>criminatio-</strong></span> 
     </span>
     <span class='ocr_line' id='line_1_31' title="bbox 164 3715 1135 3806; baseline -0.001 -20"><span class='ocrx_word' id='word_1_214' title='bbox 164 3743 223 3786; x_wconf 84' lang='lat' dir='ltr'><strong>nes</strong></span> <span class='ocrx_word' id='word_1_215' title='bbox 243 3733 275 3782; x_wconf 90' lang='lat' dir='ltr'><strong>et</strong></span> <span class='ocrx_word' id='word_1_216' title='bbox 294 3715 468 3783; x_wconf 87' lang='lat' dir='ltr'><strong>calumnias</strong></span> <span class='ocrx_word' id='word_1_217' title='bbox 481 3717 576 3806; x_wconf 84' lang='lat' dir='ltr'><strong>vulgo</strong></span> <span class='ocrx_word' id='word_1_218' title='bbox 591 3718 721 3782; x_wconf 88' lang='lat' dir='ltr'><strong>iactatas</strong></span> <span class='ocrx_word' id='word_1_219' title='bbox 735 3740 801 3781; x_wconf 93' lang='lat' dir='ltr'><strong>non</strong></span> <span class='ocrx_word' id='word_1_220' title='bbox 819 3717 1048 3806; x_wconf 89' lang='lat' dir='ltr'><strong>reprimebant,</strong></span> <span class='ocrx_word' id='word_1_221' title='bbox 1072 3721 1135 3785; x_wconf 88' lang='lat' dir='ltr'><strong>sci·</strong></span> 
     </span>
     <span class='ocr_line' id='line_1_32' title="bbox 162 3814 1133 3917; baseline 0.001 -22"><span class='ocrx_word' id='word_1_222' title='bbox 162 3830 240 3896; x_wconf 90' lang='lat' dir='ltr'><strong>licet</strong></span> <span class='ocrx_word' id='word_1_223' title='bbox 259 3851 300 3893; x_wconf 92' lang='lat' dir='ltr'><strong>ne</strong></span> <span class='ocrx_word' id='word_1_224' title='bbox 322 3827 400 3917; x_wconf 93' lang='lat' dir='ltr'><strong>quid</strong></span> <span class='ocrx_word' id='word_1_225' title='bbox 415 3814 537 3916; x_wconf 79' lang='lat' dir='ltr'><strong>gravius</strong></span> <span class='ocrx_word' id='word_1_226' title='bbox 552 3841 745 3915; x_wconf 87' lang='lat' dir='ltr'><strong>paterentur.</strong></span> <span class='ocrx_word' id='word_1_227' title='bbox 793 3827 897 3915; x_wconf 84' lang='lat' dir='ltr'><strong>Atque</strong></span> <span class='ocrx_word' id='word_1_228' title='bbox 911 3829 998 3893; x_wconf 88' lang='lat' dir='ltr'><strong>hisce</strong></span> <span class='ocrx_word' id='word_1_229' title='bbox 1013 3829 1133 3896; x_wconf 89' lang='lat' dir='ltr'><strong>Demo-</strong></span> 
     </span>
     <span class='ocr_line' id='line_1_33' title="bbox 165 3936 1132 4023; baseline -0.001 -17"><span class='ocrx_word' id='word_1_230' title='bbox 165 3940 282 4006; x_wconf 88' lang='lat' dir='ltr'><strong>cratiae</strong></span> <span class='ocrx_word' id='word_1_231' title='bbox 302 3937 427 4002; x_wconf 83' lang='lat' dir='ltr'><strong>Atticae</strong></span> <span class='ocrx_word' id='word_1_232' title='bbox 441 3936 636 4023; x_wconf 89' lang='lat' dir='ltr'><strong>temporibus</strong></span> <span class='ocrx_word' id='word_1_233' title='bbox 650 3951 724 4002; x_wconf 86' lang='lat' dir='ltr'><strong>nata</strong></span> <span class='ocrx_word' id='word_1_234' title='bbox 739 3952 786 4005; x_wconf 87' lang='lat' dir='ltr'><strong>est</strong></span> <span class='ocrx_word' id='word_1_235' title='bbox 800 3937 946 4020; x_wconf 89' lang='lat' dir='ltr'><strong>licentia,</strong></span> <span class='ocrx_word' id='word_1_236' title='bbox 970 3953 1006 4002; x_wconf 91' lang='lat' dir='ltr'><strong>ut</strong></span> <span class='ocrx_word' id='word_1_237' title='bbox 1019 3937 1132 4005; x_wconf 85' lang='lat' dir='ltr'><strong>liceret</strong></span> 
     </span>
    </p>
   </div>
   <div class='ocr_carea' id='block_1_4' title="bbox 0 0 1314 4934">
    <p class='ocr_par' dir='ltr' id='par_1_4' title="bbox 0 0 1314 4934">
     <span class='ocr_line' id='line_1_34' title="bbox 0 0 1314 4934; baseline 0 1"><span class='ocrx_word' id='word_1_238' title='bbox 0 0 1314 4934; x_wconf 95' lang='lat' dir='ltr'><strong> </strong></span> 
     </span>
    </p>
   </div>
  </div>
 </body>
</html>
