2618 4934
643 337 665 399 2

174 556 243 608 arte
266 540 443 631 composita
461 538 513 604 rel
535 551 659 621 ornata,
681 536 737 602 sed
757 538 823 605 fere
838 556 931 607 acuto
946 557 979 608 et
993 542 1136 611 mordaci

172 650 299 743 ingenio
325 649 456 714 subnata
474 647 669 737 proferentes
690 671 756 712 non
778 651 874 740 magis
890 675 949 740 pro
964 655 1066 742 poetis
1082 678 1137 721 00.

171 759 263 825 micis
281 756 418 822 habendi
437 772 522 838 sunt,
547 779 640 844 quam
660 757 790 845 Thespis
810 758 852 824 ad
867 761 1016 851 Tragicos
1031 780 1136 854 potest

172 869 294 935 referri.
319 867 467 932 Divinum
482 881 586 930 autem
600 866 668 930 fere
685 866 744 930 fuit
758 868 792 932 in
807 869 936 935 Cratino
951 874 1133 964 ingenium,

172 979 227 1067 qui
246 999 284 1042 ex
302 975 520 1065 incompositis
538 973 660 1039 facetiis
675 975 853 1066 salibusque
868 979 966 1068 magis
980 982 1139 1049 mordaci·

169 1089 229 1154 bus
253 1109 348 1176 quam
370 1083 481 1175 lepidis
506 1099 538 1149 et
559 1085 728 1174 ingeniosis
742 1086 850 1153 effecit
864 1087 943 1154 illud
956 1090 1137 1161 fabularum

87 1198 93 1215 “
171 1221 287 1289 genus,
312 1193 397 1284 quod
420 1196 488 1260 sine
510 1195 655 1284 exemplo
674 1196 734 1260 fuit
754 1198 1016 1289 elegantissimum
1032 1220 1064 1267 et
1079 1228 1136 1293 pa·

168 1308 248 1373 triae
275 1307 455 1394 civibusque
482 1305 701 1399 utilissimum:
735 1307 826 1395 quale
858 1310 955 1375 etiam
982 1335 1136 1401 nusquam

168 1433 322 1482 terrarum
349 1416 409 1480 nisi
431 1415 563 1480 Athenis
589 1431 621 1480 et
645 1415 680 1480 in
706 1416 908 1483 Democratia
932 1421 1038 1485 Attica
1058 1424 1136 1487 oriri

165 1527 271 1616 potuit
295 1543 461 1614 ortumque
481 1525 606 1592 llorere.
652 1527 795 1616 Namque
814 1551 852 1594 ea
866 1529 925 1594 fuit
939 1552 1063 1620 semper
1077 1533 1136 1597 At·

167 1638 306 1703 ticorum
318 1637 539 1703 Democratiae
554 1638 651 1721 ratio,
667 1652 702 1703 ut
718 1637 889 1703 multitudo
902 1640 1027 1729 populi,
1044 1640 1135 1706 avida

164 1746 335 1831 libertatis,
353 1771 433 1835 quae
449 1765 541 1813 acuta
557 1748 698 1811 omnium
711 1752 838 1837 ingenia
852 1752 885 1815 in
900 1749 967 1815 dies
982 1749 1136 1817 reddebat

165 1858 324 1937 acutiora,
357 1859 442 1920 viros
468 1856 654 1942 primarios,
679 1857 790 1942 quibus
815 1859 965 1923 nobilitas
989 1866 1133 1949 generis,

166 1987 263 2055 opes,
290 1964 422 2029 virtutes
449 1962 537 2026 belli.
553 1977 585 2026 et
611 1962 698 2050 pacis
725 1985 802 2050 prae
829 1965 959 2052 reliquis
989 1973 1137 2036 omuibus

165 2070 298 2166 gratiam
325 2090 359 2138 et
384 2072 605 2136 auctoritatem
631 2071 897 2156 conciliaverant,
928 2073 1027 2141 modo
1054 2094 1136 2144 tam.

164 2209 258 2273 quam
282 2195 459 2272 praesentes
482 2178 567 2244 Deos
588 2196 805 2265 veneraretur,
827 2182 927 2249 modo
945 2188 1088 2276 suspicax
1103 2204 1136 2256 et

163 2292 302 2359 libertati
325 2312 397 2354 suae
420 2287 512 2353 anxie
534 2287 670 2353 sollicita
690 2288 810 2359 invidia
825 2307 859 2356 et
873 2288 949 2358 odio
965 2319 1134 2385 perseque-

158 2416 263 2468 retur.
297 2400 387 2465 ‘Hinc
402 2397 581 2464 incredibili
599 2400 778 2465 animorum
795 2402 972 2469 mobilitate
988 2405 1132 2490 eosdem,

165 2533 244 2600 quos
259 2508 404 2577 laudibus
420 2508 459 2574 ad
475 2510 600 2575 coelum
615 2510 807 2594 extulerant,
832 2512 1133 2592 maledicentissimis

166 2620 316 2687 conviciis
341 2622 582 2709 opprobriisque
602 2620 801 2705 lacerabant,
825 2624 914 2710 quasi
935 2624 981 2688 sic
995 2626 1132 2694 invidiae

165 2729 337 2816 aeriaeque
351 2724 554 2792 sollicitudini
570 2726 712 2813 requiem
726 2730 885 2796 inventuri
900 2749 1017 2817 essent,
1031 2759 1134 2823 neque

163 2838 249 2904 foret
272 2835 470 2928 periculum,
501 2857 542 2900 ne
568 2835 607 2899 iis
632 2835 858 2902 insolescerent
883 2841 1000 2926 animi,
1030 2867 1132 2932 quos,

166 2947 263 3012 etiam
283 2947 391 3034 inique
415 2960 447 3008 et
461 2942 507 3008 nil
522 2943 586 3009 tale
600 2945 820 3030 commeritus,
840 2950 942 3036 probe
961 2952 1134 3042 increpuis.

165 3072 236 3124 sent
249 3056 449 3143 ludibrioque
464 3054 571 3143 palam
587 3055 778 3124 habuissent.
825 3056 887 3139 Qui
903 3077 1007 3125 autem
1023 3077 1132 3127 aucto-

117 3173 121 3180 ‘
166 3167 260 3234 ritate
280 3182 313 3231 et
331 3164 469 3230 consiliis
484 3166 517 3229 in
533 3187 603 3254 rep.
619 3165 788 3254 pollebant
799 3168 859 3233 riri
874 3169 1050 3258 principes,
1071 3195 1133 3260 po·

164 3279 321 3368 pularium
345 3277 467 3342 animos
490 3277 573 3342 bene
596 3276 745 3343 callentes
766 3299 869 3366 neque
890 3280 989 3343 nescii
1004 3302 1023 3343 a
1038 3282 1134 3348 male·

167 3387 343 3455 dicentibus
365 3402 398 3453 et
421 3385 640 3451 cavillantibus
660 3385 783 3452 civibus
802 3386 880 3451 nihil
895 3387 955 3451 sibi
970 3388 1134 3462 imminere

165 3498 317 3587 periculi,
348 3520 415 3562 non
438 3496 547 3583 iniquo
572 3495 678 3562 animo
704 3494 787 3584 vulgi
806 3495 933 3561 voculas
955 3513 987 3561 et
1003 3497 1133 3565 dicteria

164 3604 381 3696 perferebant:
406 3621 460 3670 aut
482 3605 579 3670 etiam
600 3604 691 3669 inviti
712 3605 921 3671 atrocissimas
941 3606 1133 3672 criminatio-

164 3738 223 3782 nes
243 3729 275 3778 et
294 3711 466 3779 calumnias
481 3713 575 3803 vulgo
590 3715 720 3780 iactatas
734 3736 800 3778 non
817 3715 1047 3804 reprimebant,
1070 3717 1131 3781 sei·

161 3826 240 3892 licet
260 3846 300 3888 ne
322 3821 400 3911 quid
414 3810 537 3911 granius
551 3838 744 3911 paterentur.
792 3825 896 3912 Atque
910 3826 996 3889 hisce
1011 3826 1129 3892 Demo·

165 3935 282 4002 cratiae
302 3931 426 3998 Atticae
441 3933 635 4019 temporibus
649 3948 723 3999 nata
738 3948 785 4001 est
799 3933 944 4016 licentia,
968 3950 1004 3999 ut
1018 3933 1129 4002 liceret
