2618 4934
581 387 766 459 ‚tto

301 582 440 659 'Ceterae
455 590 622 678 reliquiae,
638 610 718 672 quae
732 589 918 677 perexiguae
930 603 1016 672 sunt,
1032 587 1073 654 ad
1088 600 1244 659 riostrum‘

266 705 464 794 propositum
491 694 568 766 nou'
584 699 714 763 faciunt.
760 692 911 763 Consulto
939 699 1024 763 enim
1053 701 1147 766 omisi
1171 704 1235 769 fra·

265 829 426 904 gmentum
453 834 490 875 ex
516 809 703 889 Plutarcho,
733 806 819 895 quod
843 830 950 871 errore
973 809 1068 873 traxit
1092 810 1233 877 ad-hano

264 922 402 990 fabulam
417 919 590 985 Meinekius
605 919 648 982 H.
664 918 699 982 C.
717 918 754 983 C.
770 940 842 1005 pag.
860 914 931 1003 195.
948 934 981 982 et
996 920 1127 1008 Fragm.
1145 923 1236 987 Com..

268 1054 340 1121 pag.
359 1031 433 1117 669.
478 1031 580 1094 Locus
607 1027 653 1090 sic
675 1026 789 1116 legitur
808 1028 843 1089 in
871 1035 925 1092 νίι.
942 1027 1049 1094 Aett.
1070 1053 1141 1119 cap.
1159 1054 1236 1099 1111.

264 1142 397 1211 maison}
411 1144 429 1207 ό
442 1139 581 1221 Καμικὸς
595 1136 690 1221 εἴρηκε
702 1145 768 1202 τοῦ
782 1135 1015 1223 Ὑπερβόλου
1029 1142 1235 1224 μνησθείς·

422 1268 523 1319 Καίτοι
540 1264 667 1333 utcontra
679 1239 739 1315 1’τῶν
755 1264 862 1334 rodatur
878 1266 929 1328 μὲν
947 1265 1026 1334 ἄξια,

423 1355 520 1409 Αὑτοῦ
539 1355 571 1406 dd
588 1354 636 1405 stol
654 1354 708 1404 cdv
725 1354 859 1420 §sypdruv'
873 1354 977 1414 ἀνάξια.

324 1511 328 1517 1
428 1445 468 1498 023
484 1446 536 1514 γάρ
553 1444 681 1496 τοιούτων
700 1436 792 1498 οὕνεκ’
811 1442 904 1517 druos
925 1446 1042 1517 εὑρέθη.

263 1577 305 1642 Et
319 1570 353 1640 iu
368 1581 421 1640 vit.
438 1574 513 1640 Nic.
530 1595 603 1661 cap.
620 1594 667 1639 xr.
684 1574 823 1643 ’Πλάτων
844 1580 862 1642 ό
885 1582 1024 1660 Καμικὸς
1047 1579 1144 1679 εἴρηκε
1161 1585 1235 1668 περὶ

264 1688 370 1754 αὐτοῦ’
390 1685 501 1750 Καίτοι
518 1681 653 1766 πέπραγε
671 1707 698 1748 κ.
713 1683 786 1751 αλ.
831 1685 868 1749 Iu
889 1686 947 1751 illo
970 1687 1044 1753 loeo
1067 1688 1148 1754 male
1164 1688 1231 1755 edi·

265 1812 318 1861 tur
342 1795 497 1880 πέπραχε,
521 1788 608 1878 quod
628 1791 670 1855 ab
684 1793 718 1859 h.
738 1794 761 1859 l.
778 1793 913 1859 alienum
930 1813 995 1863 est:
1021 1820 1095 1863 nam
1110 1825 1232 1886 πεπρα-

266 1905 354 1986 γέναι
379 1924 444 1965 non
466 1914 513 1962 est
536 1898 715 1985 exquisitius
730 1912 784 1965 aut
798 1902 896 1991 magis
911 1903 1163 1994 Atticumquam
1180 1937 1235 1978 πε-

266 2011 435 2099 πραχέναι,
473 2005 559 2095 quod
591 2009 721 2075 voluere
751 2008 956 2075 Grammatici
989 2010 1066 2100 (vid.
1101 2018 1236 2085 Bcldreri

266 2121 391 2190 Anccd.
418 2120 489 2210 pag.
506 2119 562 2185 60.
580 2120 619 2184 'et
641 2118 745 2183 Moer.
770 2114 973 2206 pag.'293.),
995 2122 1051 2186 sed
1072 2125 1174 2191 solum
1190 2127 1234 2194 de

256 2236 412 2323 fhrtuna,
441 2254 504 2321 quo
523 2237 594 2320 quis
615 2234 725 2310 utitur,
751 2229 894 2316 usurpari
916 2229 1007 2296 solet.
1051 2231 1106 2299 Vs.
1125 2234 1156 2301 3.
1170 2261 1246 2326 proc

269 2344 358 2414 εἵνεκ’
382 2341 554 2407 Meinetius
578 2336 675 2406 οὕνεκ’
695 2336 863 2404 substituit.
907 2339 954 2406 Ex
968 2341 1033 2406 hoc
1049 2361 1154 2410 autem
1169 2346 1233 2412 fra·

263 2455 395 2546 'gmeuto
421 2452 550 2540 collegit
565 2449 739 2514 Meinelrius
754 2450 798 2514 H.
819 2449 853 2515 C.
872 2447 907 2517 C.
924 2472 997 2540 pag.
1020 2454 1092 2539 195.
1111 2457 1231 2544 Hyper*

269 2566 370 2630 bolum
392 2578 495 2627 actam
517 2583 584 2642 esse
602 2560 731 2649 Olymp.
748 2552 832 2624 XCI.
851 2581 902 2643 2.,
931 2583 993 2648 quo
1009 2578 1153 2653 tempore
1168 2566 1232 2655 Hy.

265 2670 413 2764 perbolus
437 2669 620 2734 ostracismo
642 2667 760 2730 eiectus
773 2665 877 2754 patria
893 2669 1035 2734 carebat:
1059 2693 1121 2757 quo
1138 2675 1232 2740 simul

268 2779 459 2847 satisfactum
479 2788 570 2869 putat
584 2771 737 2860 Bergkio,
759 2772 922 2839 obiicienti
937 2777 1039 2867 legem
1054 2778 1232 2870 Syracosii,

270 2912 330 2977 ‘1¹¹³
356 2889 419 2953 ¹¹⁰⁰
442 2889 512 2976 iP⁸⁰
538 2901 621 2945 ‘¹⁰⁰⁰
650 2882 776 2963 ‘dwlmssl
793 2884 947 2968 κωμῳδεῖν
965 2890 1097 2954 vetitum
1115 2890 1231 2963 fuerat.

267 2997 341 3065 Vid,
352 3019 385 3087 p.
399 2996 452 3061 36.
466 3013 657 3079 sqq.nempe
667 2991 770 3081 legem
782 3013 848 3056 nou
859 2991 899 3056 ad
907 2998 1027 3062 exsules
1035 3001 1230 3088 pertinuisse.

274 3135 278 3143 ·
310 3107 415 3172 Doleo
439 3103 509 3167 viro
531 3100 647 3166 eximio
664 3115 730 3164 tam
745 3101 904 3167 infelicem
920 3107 1135 3174 coniecturam
1149 3112 1231 3176 exci-

269 3217 344 3284 dere
359 3211 509 3303 potuisse.
534 3209 634 3295 Quid,
647 3209 738 3277 Plato
754 3211 983 3300 Hyperbolum,
1000 3232 1128 3282 exutum
1143 3224 1233 3288 omni

268 3303 456 3393 auctoritate
478 3333 510 3388 et
538 3321 657 3410 gratia,
687 3322 824 3387 eiectum
848 3323 994 3407 Athenis,
1022 3348 1060 3390 ac
1082 3329 1230 3396 miseram

267 3439 365 3502 vitam
386 3435 421 3499 iu
444 3431 539 3498 Samo
555 3433 746 3514 trahentem,
761 3433 883 3522 integra
895 3432 1061 3500 comoedia
1076 3437 1169 3504 ludos
1183 3442 1231 3507 fa-

268 3570 341 3614 cere
366 3540 535 3612 sustinuit?
583 3541 704 3606 Eumne
733 3541 837 3628 potuit
866 3540 1016 3609 iuducere
1042 3547 1076 3610 in
1101 3570 1230 3616 scenam

267 3672 463 3746 praesentem
487 3656 521 3719 in
548 3652 643 3735 urbe,
668 3651 770 3739 daque
792 3650 943 3742 dignitate
963 3659 1118 3724 senatoria
1145 3663 1231 3729 δοκι..

267 3766 380 3850 paulos
408 3761 619 3830 subeuntem?
661 3762 743 3827 Nam
763 3762 848 3827 illam
867 3788 935 3829 rem
960 3766 994 3830 in
1015 3790 1110 3834 scena
1125 3788 1228 3837 actam

260 3873 378 3955 tuisse,
401 3870 522 3959 liquido
537 3884 660 3939 constat
680 3892 718 3935 ex
733 3871 860 3966 Fragm.¹
873 3869 900 3939 l.
929 3872 1050 3943 Satisne
1065 3879 1230 3971 perspicuo

266 3981 386 4052 dicum
406 3994 469 4049 est:
