2618 4934
638 384 678 450 ld

181 628 187 637 ·
215 588 319 658 Possit
339 589 403 654 iam
426 585 576 678 suspirari
597 584 707 676 aliquis
720 585 781 654 hae
795 587 991 681 novaelegis
1005 591 1137 665 lenitate

169 721 238 769 non
251 699 384 767 multum
399 697 555 765 coercitos
567 697 663 764 fuisse
674 699 872 765 comicorum
882 702 1026 790 spiritus,
1041 724 1139 795 quana

170 811 342 902 doquidem
366 808 492 876 dicendi
511 808 640 875 lieentia
657 809 746 874 nullo
765 832 942 900 poenarum
962 803 1137 884 metuerat

167 944 320 1012 repressa.
364 917 429 985 Sed
443 919 534 984 aliter
548 919 686 984 evenisse
701 935 843 1010 apparet.
882 923 1004 991 Poetae
1016 924 1057 991 ad
1069 929 1140 1017 pri·
1194 1004 1196 1008 Α

166 1033 266 1099 stinos
291 1033 380 1098 iocos
403 1043 612 1113 reverterunt,
635 1052 738 1118 neque
758 1031 891 1121 amplius
916 1033 1135 1104 moderatores

165 1145 246 1233 reip.
260 1154 456 1229 ceterosque,
470 1140 523 1229 qui
538 1140 724 1205 auctoritate
733 1140 892 1227 valebant,
908 1145 1076 1211 cavillandi
1087 1149 1137 1214 ir·

164 1252 352 1342 ridendique
366 1249 530 1315 materiam
539 1250 726 1316 habuerunt.
764 1249 877 1340 Neque
887 1253 921 1319 id
935 1255 1050 1321 mirum
1063 1273 1132 1325 est:

166 1386 242 1430 nam
259 1361 341 1429 fietis
360 1383 564 1451 personarum
583 1360 766 1426 nominibus
788 1365 987 1452 acquiescere
1008 1368 1133 1454 coacti,

165 1471 299 1539 mordax
311 1469 438 1561 quidem
453 1468 584 1555 dictunq
596 1471 683 1559 quasi
695 1470 805 1557 telum,
818 1488 968 1562 poterant
978 1499 1137 1544 nonnum·

167 1606 262 1674 quam
270 1584 303 1648 in
313 1605 379 1665 eos,
390 1605 472 1670 quos
480 1579 624 1664 oderant,
634 1580 1061 1676 oouiieerezsedlangnidum
1070 1589 1137 1656 hoo

165 1709 294 1786 seseque
308 1693 472 1786 indignum
486 1692 653 1759 ridebatur
668 1693 722 1778 iis,
741 1695 794 1783 qui
810 1693 910 1761 modo
917 1694 1063 1765 dicteriis
1074 1704 1134 1789 per

164 1829 275 1872 omnes
294 1807 440 1897 impune,
462 1801 632 1893 plaudente
655 1824 779 1887 eavea,=
792 1807 1023 1895 grassabantur.
1066 1809 1133 1877 Sed

56 1978 61 1988 ,
164 1918 220 1981 ubi
234 1915 309 1980 dieo
325 1915 485 1996 aoniieos,
502 1913 603 1977 sentio
618 1913 854 2002 propemodum
868 1906 988 1982 de'uno
1000 1921 1133 1988 Cratino

165 2046 233 2091 esse
248 2018 468 2112 cogitandum,
485 2041 552 2085 non
568 2021 640 2109 quia
654 2019 784 2088 deerant
798 2030 929 2114 poetae,
945 2024 1001 2090 sed
1013 2026 1132 2114 quoda

165 2133 287 2201 Cratini
300 2130 428 2222 ingenio
439 2129 535 2220 longe
547 2130 703 2222 longeque
715 2150 805 2199 erant
818 2131 951 2200 diversi:
967 2134 1009 2201 de
1018 2137 1135 2225 quibus.

164 2245 266 2311 rerbo
278 2239 447 2308 dicendum
459 2256 517 2308 est.
539 2241 823 2330 Exantiquioribus
832 2240 988 2335 imprimis
998 2246 1132 2338 Magne·

164 2371 230 2422 tem
241 2369 274 2420 et
283 2348 512 2444 Erphantidem
523 2374 598 2418 eum
610 2352 740 2418 Cratino
748 2353 864 2420 fabulis
872 2370 1009 2425 certasse
1019 2359 1085 2424 veri
1094 2357 1134 2424 si·

163 2466 329 2532 millimum
344 2478 408 2530 est:
424 2478 556 2551 uterque
568 2473 707 2528 'veterem
720 2462 906 2530 sanctiorum
921 2487 1046 2532 morem
1061 2488 1132 2532 mo·

163 2578 301 2664 dumque
314 2596 455 2658 servans,
470 2587 525 2637 aut
539 2595 606 2638 non
620 2574 754 2640 multum
769 2587 856 2639 oerte
867 2575 1131 2660 novans‚<audaei

162 2688 293 2754 Cratino
308 2683 493 2751 comtemtui
502 2681 706 2771 ludibrioque
718 2682 844 2750 ridetur
853 2684 961 2754 luisse.
983 2683 1132 2754 -Festiii-

113 2870 117 2880 ,
161 2813 260 2864 tatem
274 2793 450 2883 Magnetis,
473 2794 525 2882 qui
538 2793 732 2859 iocularibus
745 2793 880 2861 inventis
896 2796 1015 2863 dudum
1029 2822 1134 2889 popu·

160 2909 230 2976 lum
241 2905 464 2989 oblectaverat,
473 2904 560 2970 facili
572 2903 702 2995 negotio
716 2905 874 2993 superavit
882 2907 1132 2998 ingeniosissima

122 3012 124 3017 ’
162 3019 209 3085 nil
230 3013 462 3083 reformidantis
487 3015 607 3080 Cratini
631 3014 837 3104 protervitasz
862 3039 927 3104 quo
952 3019 1070 3084 laetum
1093 3032 1133 3083 ut

161 3143 376 3207 senescentem
408 3126 589 3217 Magnetem
621 3124 821 3216 negligerent
846 3127 997 3215 turpiter,
1034 3149 1132 3214 quem

161 3243 306 3309 iuvenem
328 3238 577 3326 frequentissima
596 3236 704 3325 palma
726 3250 925 3302 ornaverant.
943 3235 1009 3304 rid.
1027 3237 1129 3306 Arist.

161 3353 196 3419 in
214 3352 338 3442 Equtrt.
354 3371 415 3415 vss.
434 3346 511 3414 520.
527 3369 596 3434 sqq.
642 3346 746 3412 Multo
761 3349 859 3436 etiam
869 3347 968 3436 magis
982 3347 1132 3437 Euphan-

162 3461 276 3545 tidem,
292 3460 394 3551 exigui
408 3456 526 3548 ingenii
540 3461 686 3546 poetam,
698 3473 838 3546 spretum
849 3479 869 3522 a
881 3456 1011 3522 Cratino
1024 3459 1132 3523 existi·

162 3573 334 3654 marerim,
351 3585 384 3635 et
398 3569 541 3659 speciosa
555 3581 602 3631 est
616 3565 767 3631 Meinelrii
779 3567 979 3650 coniectum,
995 3567 1029 3631 in
1042 3570 1131 3638 Hire.

164 3681 202 3750 0.
222 3682 309 3749 Com.
325 3702 360 3768 p.
379 3679 431 3746 36.
447 3679 802 3770 cognomenKoemlur,
820 3700 885 3767 quo
898 3677 1133 3768 Eephnntidem

163 3794 219 3862 dael
234 3796 269 3860 sd
285 3776 381 3878 pqdls
401 3789 539 3876 λαμπρὸν
555 3796 680 3876 γράφειν
694 3782 849 3855 notabant
864 3787 956 3879 (teste
970 3789 1133 3878 Hesychio

163 3905 196 3969 in
219 3902 268 3992 r.)
289 3902 320 3968 ei
339 3900 434 3966 fuisse
448 3921 467 3963 a
482 3900 612 3964 Cratino
627 3898 775 3966 inditum.
822 3900 947 3966 Deinde
961 3899 1134 3991 Lysippum

163 4011 274 4079 habuit
287 4008 467 4100 aemulam,
485 4030 577 4095 quem
593 4024 718 4074 constat
732 4007 919 4074 auctoritate
933 4030 1130 4076 marmoreae
