2618 4934
671 373 797 437 ‘ur

283 593 432 667 quantum
456 580 491 644 in
514 579 575 644 hac
595 592 875 644 monumentorum
895 578 1027 668 penuria
1041 576 1110 644 fieri
1124 581 1247 669 potest3

283 689 457 754 rationibus
478 689 596 753 nitatur
617 689 753 754 maxime
774 687 908 753 idoneis.

323 800 432 888 Itaque
458 813 619 864 teneamus
644 800 729 881 hoc,
758 796 833 863 iude
860 798 901 862 ab
924 797 1114 888 Olympiade
1134 799 1248 868 XCIV.

281 909 425 996 Mediae,
443 931 537 998 quarn
551 908 771 973 Grammaticis
788 905 893 972 dicere
908 907 1042 996 placuit,
1063 909 1248 977 Comoedias»

278 1019 413 1083 initium·
438 1015 691 1084 constituendum
724 1039 790 1082 esse
819 1034 989 1106 natumque
1020 1040 1038 1084 e
1066 1019 1246 1088 fabularum
1296 1056 1299 1061 >

276 1151 410 1217 genere,
434 1129 526 1216 quale
541 1128 618 1192 olim
634 1127 752 1216 antiqui
767 1126 890 1191 Comici
904 1150 963 1216 pro
979 1151 1036 1193 suo
1050 1129 1180 1218 (piisque
1195 1132 1245 1198 iu·

274 1238 368 1326 genio
394 1236 537 1303 ludentes
556 1236 729 1319 finxerunt,
753 1235 938 1302 destitutum
954 1239 1123 1303 chororum
1138 1241 1246 1328 splen·

275 1345 354 1412 dore
376 1363 471 1434 atque
492 1347 573 1412 adeo
594 1347 758 1429 Parabasi,
782 1349 815 1412 in
831 1368 894 1435 quo
908 1349 1048 1436 quamvis
1063 1353 1097 1416 τὸ
1114 1352 1246 1435 tropaei

275 1460 429 1543 κωμῳδεῖν
449 1480 575 1547 prorsus
595 1473 674 1523 esset
693 1458 921 1541 intermissum,
946 1481 1118 1546 numquam
1132 1476 1243 1528 tamen
1262 1515 1278 1533 .

273 1564 432 1634 desierunt
445 1575 559 1659 poetae
574 1567 767 1650 nonnullos,'
781 1588 859 1656 quos
873 1567 1001 1656 impune
1014 1555 1159 1658 poiseut‚
1182 1596 1243 1638 no-

273 1679 416 1744 minatim
431 1664 515 1744 ‘salse
529 1676 773 1767 reprehendere.
796 1677 881 1742 Hinc
895 1677 1015 1744 iactum
1029 1695 1094 1763 est,
1117 1697 1154 1745 ut
1166 1707 1244 1772 per·

269 1808 417 1854 sonarum
445 1791 638 1854 comicorum
661 1788 743 1851 ratio
771 1809 899 1875 prorsus
925 1789 965 1852 sit
991 1789 1172 1858 immutata:
1200 1797 1239 1862 ἐν

269 1901 328 1981 μὲν
344 1904 402 1982 γὰρ
417 1907 458 1982 τῇ
474 1899 592 1984 παλαιᾷ
612 1897 731 1974 εἴκαζον
748 1901 787 1962 τὰ
805 1906 975 1982 προσωπεῖα
989 1907 1052 1976 τοῖς
1068 1904 1238 1987 κωμῳδου-

203 2094 210 2105 N
269 2009 386 2091 μένοις,
418 2011 472 2076 ἱάα
491 2043 534 2056 -
554 2012 573 2074 o‘
596 2009 827 2094 κωμῳδούμενος
855 2015 888 2075 ἐκ
915 2017 967 2092 τῆς
985 2012 1156 2093 ὁμοιότητος
1179 2023 1238 2096 τῆς

269 2123 367 2205 ὄψεως
390 2115 590 2206 αατάδηλοςῇ
605 2117 695 2207 (εἴη),
712 2119 872 2184 Platouius
887 2141 958 2210 pag.
975 2141 1054 2183 xxxv
1070 2119 1132 2210 (1):
1149 2121 1238 2189 uude

270 2234 402 2319 apparet
426 2252 519 2318 quam
539 2231 681 2320 ineptum
699 2231 930 2294 coutroversiae
945 2245 1162 2319 argumentum
1174 2255 1238 2320 po-

266 2341 364 2404 suerit
388 2340 602 2432 Hermogenes
628 2344 695 2429 περὶ
719 2348 849 2417 eduens,
882 2339 1035 2428 cap.X1.
1059 2341 1093 2404 iu
1117 2340 1236 2408 Walzii

265 2449 371 2515 Rhett.
397 2451 510 2518 Graec.
534 2451 572 2517 Τ.
596 2451 652 2520 ΙΙΙ.
680 2475 752 2543 pag.
776 2452 829 2516 60'.
875 2447 939 2513 Sed
961 2447 1001 2513 de
1016 2450 1079 2514 hoc
1094 2450 1235 2516 Comoe-

268 2559 392 2626 diarum
420 2585 553 2651 genere,
579 2562 652 2650 quia
672 2561 765 2625 Plato
785 2575 893 2624 noster
906 2559 940 2624 iu
955 2580 995 2624 eo
1010 2559 1081 2648 ipso
1096 2561 1239 2629 maxime

270 2671 448 2736 excelluisse
469 2670 610 2754 videtur,
635 2671 710 2736 alibi
732 2671 792 2735 erit
814 2667 940 2736 dicendi
956 2668 1054 2737 locus.

265 3047 286 3100 S
298 2961 341 3032 (1)
360 2962 403 3018 Ol.
415 2963 484 3102 gion.
501 2963 547 3019 IV.
565 2963 608 3020 19.
620 2973 646 3020 et
659 2981 725 3036 quos
739 2928 825 3021 laudet
839 2919 997 3023 Eiohsnedt.
1011 2969 1041 3024 de
1053 2967 1149 3023 Dram.
1164 2966 1242 3020 Corn.

286 3052 322 3101 al.
339 3065 397 3118 pag.
449 3083 457 3102 .
