2618 4934
530 364 569 430 81

55 576 126 638 'sine
142 570 271 637 nomine
283 576 397 659 poetae
413 567 605 652 Euanthius,
622 594 656 660 p.
676 575 775 662 1479,
788 574 849 658 28,
867 576 920 662 qui
934 566 1025 642 amin

56 685 97 747 tit
112 684 360 770 trinu-plant.
400 681 502 745 Miror
516 705 582 746 non
599 680 719 747 dudum
737 684 819 748 istud
835 691 903 775 βια,
919 705 1024 752 ortum

56 817 96 858 ex
109 809 258 881 corrupta
271 794 424 880 scriptura
439 793 526 857 vocis
536 793 703 877 ὑπηνέμια,
717 816 781 859 esse
792 794 942 861 deletum:
956 813 1025 861 tunt

35 897 41 909 '
57 905 250 969 vocabulum
262 905 357 971 ἐνίοτε
368 903 502 988 quicum
512 904 658 978 πολλάκις
667 904 739 968 satis
748 905 830 970 bene
842 909 1022 989 conveniat,

55 1037 154 1078 nemo
170 1012 298 1077 dixerit:
326 1010 382 1077 sed
398 1035 472 1076 vere
488 1013 679 1095 Brunclius‚
706 1015 757 1077 cui
775 1016 919 1082 homines
934 1017 1023 1083 docti

55 1147 167 1212 parere
182 1122 371 1203 debuerant,
387 1122 580 1189 scholiastae
596 1146 660 1187 esse
673 1127 812 1207 monuit,
830 1129 883 1213 qui
898 1137 1023 1215 saepius

56 1257 97 1299 eo
117 1258 232 1324 genere
246 1256 415 1299 occurrere
431 1256 547 1297 nomen
568 1235 740 1319 ἀλεκτρυών
755 1237 921 1303 ostendere
937 1239 1021 1304 lole-

28 1338 33 1347 ’
55 1345 123 1410 bat.
167 1346 249 1410 Nam
271 1343 358 1432 quod
374 1345 571 1409 Hermannus
590 1344 629 1408 ad
644 1345 772 1410 Suidam
786 1365 958 1436 provocat,
976 1347 1021 1413 nil

59 1454 120 1518 nisi
148 1455 212 1519 iam
241 1455 317 1519 olim
338 1456 384 1518 sic
402 1470 538 1518 erratum
560 1477 625 1520 esse
640 1457 833 1545 intelligitur.
879 1458 960 1522 Tum
975 1459 1023 1523 lo·

58 1586 135 1631 cum
148 1566 283 1654 argutius
297 1565 407 1630 vertit:
424 1563 496 1628 vide
509 1564 646 1629 Meinek.
657 1569 785 1654 Fragm.
803 1567 920 1654 p.620.
945 1568 1024 1633 Por·

55 1676 128 1740 soni
153 1676 190 1743 ’ἐν
204 1677 250 1751 ’igr
275 1677 310 1738 in
329 1673 507 1738 huiusmodi
527 1674 615 1739 dicto
634 1677 728 1739 nimis
742 1676 943 1766 magnificum
957 1695 1030 1767 est,¹

56 1799 93 1848 et
104 1786 221 1848 rectius
235 1783 402 1869 exquisitae
416 1799 448 1848 et
461 1807 562 1849 novae
575 1786 747 1850 sententiae
761 1787 1023 1875 praemitteretur*

58 1891 165 1958 Credo
179 1895 226 1959 sic
239 1916 385 1959 numeros
399 1894 518 1984 expleri
530 1919 640 1984 posset

118 2056 227 2121 Πολλαλ
247 2062 302 2122 adv
321 2060 525 2142 ἀλεκτρυόνων,
546 2071 672 2142 (γὺναι,)
688 2072 845 2140 Ὑπηνέμια
862 2083 887 2124 te.
898 2087 924 2123 τ.
937 2062 963 2123 λ.
979 2140 983 2147 ι

101 2225 168 2290 lam
187 2238 293 2291 autem
312 2227 380 2312 quis
395 2248 485 2290 sanus
509 2224 617 2289 credat
631 2233 745 2313 poetae
765 2227 929 2315 ingenioso
943 2226 1024 2292 adeo

56 2357 126 2400 rem
142 2351 303 2426 angustam
318 2335 410 2400 fuisse
426 2333 533 2411 domi,
554 2351 588 2395 ut
601 2333 781 2396 huiusmodi
798 2335 935 2399 dictum:
957 2339 1026 2422 gal·

56 2445 141 2510 littae
151 2468 245 2531 saepe
259 2467 317 2508 ova
327 2452 419 2507 irrita
426 2447 570 2528 pariunt,
586 2461 651 2501 non
665 2439 749 2500 ultro
761 2440 902 2503 invenire
915 2457 1026 2527 potue.

49 2543 124 2618 rit?
152 2552 248 2632 Quod
264 2574 360 2639 quum
377 2552 416 2612 sit
432 2546 619 2629 absurdum,
636 2562 776 2634 superest
792 2562 826 2611 ut
839 2562 1027 2632 statuamus,

54 2678 224 2750 corruptos
237 2650 322 2726 ‘olim
342 2659 435 2723 luisse
455 2656 742 2723 Grammaticorum
758 2659 1024 2743 Commentarios,

54 2769 143 2838 unde
158 2772 312 2837 Athenaei
329 2779 360 2833 et
375 2768 567 2833 scholiastae
587 2766 676 2831 locus
693 2769 733 2831 sit
748 2782 930 2855 excerptus:
949 2792 1024 2834 nam

53 2897 225 2968 utrumque
247 2883 330 2944 inter
345 2903 378 2944 se
391 2868 565 2968 diligenter
574 2879 772 2965 comparanti
785 2878 943 2944 videbitur
957 2881 1024 2945 veri

59 2991 273 3072 simillimum,
288 2991 384 3055 ambo
394 3013 432 3054 ex
446 2987 560 3053 eodem
573 2988 678 3070 lonte,
692 2989 807 3065 Lexioo
817 2990 950 3054 Comico
961 2993 1027 3079 opid

55 3125 135 3185 nor,
150 3126 188 3168 ea
204 3101 346 3190 exempla
361 3099 555 3166 desumsisse.
574 3096 660 3178 Quid
672 3099 750 3162 olim
763 3101 913 3189 scriptum
928 3100 1023 3165 fuerit

55 3214 248 3303 perspexisse
270 3213 406 3277 arbitror
426 3211 626 3288 Dobraeum‚
650 3209 684 3271 in
705 3209 835 3275 Annott.
860 3210 901 3275 ad
918 3209 1021 3274 Schola

54 3325 156 3388 Arist.
179 3322 254 3387 Vol.
275 3322 346 3387 Vll.
369 3346 397 3387 1.
416 3344 450 3408 p.
472 3318 547 3383 206.
566 3318 662 3381 Arist.
680 3316 796 3400 Dind.‚
815 3319 868 3382 ubi
885 3317 1022 3403 ostendit

57 3453 153 3520 quam
172 3429 264 3496 facile
287 3454 392 3497 evera
408 3429 545 3494 lectione
569 3431 622 3494 aad
640 3427 733 3494 πάλιν
754 3432 788 3494 ἐν
811 3434 854 3513 τῷ
877 3428 1023 3512 Δαιδάλῳ
1108 3462 1111 3467 f

57 3539 254 3629 compendiis
284 3542 399 3630 scripta
425 3541 511 3604 nasci
531 3539 670 3628 potuerit
689 3560 744 3619 ea,
773 3559 854 3624 quae
879 3537 934 3601 has
955 3554 1020 3605 tur*

53 3652 109 3719 bas
136 3650 293 3716 excitavit.
339 3654 480 3739 Apparet
498 3649 604 3728 simul,
626 3669 719 3733 quam
734 3661 873 3711 vetustae
888 3647 1023 3716 mendae

54 3761 232 3828 auctoribus
238 3757 404 3823 insideant:
414 3781 486 3823 nam
499 3757 621 3845 quaein
634 3756 849 3843 antiquissimo
858 3755 1021 3829 Gramma-

590 3860 620 3893 λα

54 3917 115 3984 tito
132 3934 202 3984 orta
217 3932 263 3983 est
279 3916 459 4004 corruptela
472 3848 622 3999 dapsiliter
633 3914 767 4003 primum
783 3913 1020 3980 inAthenaeum

832 4098 844 4137 Ι
854 4099 867 4139 1
969 4134 972 4139 ,
1072 4120 1080 4133 .
