2618 4934
710 381 773 447 108

264 587 336 654 daci
353 588 432 651 ioco
456 582 666 674 exploserunt.
720 581 827 663 Quum
852 582 932 648 nihil
959 580 1064 667 alind,
1093 585 1232 673 opinor,

264 682 350 787 qnod
372 695 505 762 invisum
529 681 694 760 aemulum¹
710 693 792 758 male
808 709 913 758 ureret
929 691 969 757 nd
985 714 1114 758 manum
1135 711 1234 780 esset,

262 807 340 873 illud
365 808 468 896 ipsum
490 805 703 893 arripuerunt,
726 820 761 868 ut
784 802 890 892 pusilli
913 803 1011 868 animi
1035 826 1108 869 eum
1123 828 1233 895 argue·

261 933 348 1000 rent,
371 918 424 1005 qni
447 937 576 980 cuorum
599 915 800 979 inventorum
820 914 960 979 honores
983 897 1140 1002 patienter
1163 916 1230 980 aliis

265 1025 467 1095 concederet.
513 1028 635 1090 Auctor
658 1031 711 1089 vit.
736 1019 900 1111 Aristoph.¹
919 1047 994 1114 pag.
1016 1047 1105 1092 xxxv.
1130 1028 1236 1093 Εὐλα·

264 1142 321 1229 βίης
341 1138 375 1204 δὲ
395 1138 509 1223 σφόδρα
532 1123 702 1218 γενόμενος’
716 1140 772 1218 τὴν
795 1137 910 1223 ἀρχὴν,
932 1135 1032 1212 ἄλλως
1050 1161 1085 1202 τε
1107 1139 1236 1223 εὐφυὴς,

262 1251 302 1314 τοί
334 1251 391 1331 μὲν
415 1256 521 1334 πρίονα
545 1247 597 1314 διὰ
620 1247 841 1334 Καλίιςράτοο
855 1251 913 1314 not
937 1246 1108 1316 Φιλωνίδου
1128 1251 1236 1316 καθίει

262 1360 411 1444 δράματα.
444 1359 492 1425 διὸ
519 1361 572 1437 ταί
596 1361 751 1427 tommo
774 1360 869 1427 αὐτὸν
890 1359 1103 1445 Ἀριςώννμός
1124 1384 1158 1424 τε
1178 1364 1234 1427 ναί
1285 1442 1288 1453 1

262 1467 452 1555 Ἀμειψίας,
473 1471 593 1558 τετράδι
613 1470 753 1552 λέγοντες
775 1472 870 1538 αὑτὸν
888 1471 1062 1554 γεγονέναι,
1083 1473 1235 1566 αατάτὴν

258 1580 444 1666 παροιμίαν,
475 1585 518 1658 oie
541 1583 646 1657 ἄλλοις
659 1574 835 1650 πονοῦντα.
867 1583 972 1666 είςερον
1003 1583 1037 1648 δὲ
1065 1586 1117 1647 καί
1144 1584 1236 1662 αὐτὸς

262 1693 442 1774 ἠγωνίσατο.
486 1690 687 1761 conferenda
702 1707 774 1756 sunt
790 1714 870 1779 quae
885 1692 995 1762 scribit
1010 1690 1149 1757 eruditus
1163 1693 1233 1758 Pla·

262 1804 347 1867 tonis
371 1803 612 1868 Commentator
637 1800 678 1866 ad
699 1801 793 1888 Apol.
818 1825 850 1888 p.
872 1824 923 1887 19.
947 1826 1020 1893 pag.
1040 1802 1115 1869 331.
1134 1802 1229 1871 Bekk.

169 1936 171 1943 ’
264 1913 481 1995 Ἀριςώννμος
496 1922 498 1926 ‘
512 1913 541 1976 δ’
568 1916 602 1976 ἐν
626 1907 729 1990 Ἡλίῳ
756 1911 891 1992 ριγοῦντι
912 1915 965 1973 καί
989 1915 1174 1998 Σαννυρίων
1202 1918 1237 1983 ἐν
1275 1958 1279 1962 -

264 2018 387 2087 Γέλωτι
407 2019 528 2101 τετράδι
546 2019 639 2098 φασίν
658 2015 753 2082 αὐτὸν
770 2018 915 2093 γενέσθαι
924 2063 936 2097 ,
957 2018 1005 2081 διὸ
1023 2018 1059 2105 [Ι.
1073 2021 1164 2109 διότι]
1183 2029 1240 2094 τὸν

263 2131 334 2219 βίον
346 2127 528 2212 αατίτριψεν
543 2125 787 2208 ἑτέροιςπονῶν.
803 2125 842 2190 Oi
849 2127 908 2211 γὰρ
919 2128 1039 2211 τετράδι
1051 2134 1238 2213 γεννώμενοι

262 2240 364 2331 (αὐτοί
376 2234 503 2303 videtur
517 2234 607 2324 add.)
629 2243 793 2312 πονοῦντες
811 2234 917 2312 ἄλλοις
932 2248 1123 2324 καρποῦσθαι
1140 2246 1237 2330 παρέ.

265 2374 388 2439 ηοοσιν,
420 2351 462 2424 ὥς
488 2351 540 2414 ιιαί
570 2347 736 2434 Φιλόχορος
762 2351 796 2415 ἐν
823 2355 863 2432 τῇ
887 2352 991 2436 πρώτη
1019 2353 1087 2435 περί
1118 2360 1237 2440 ἡμερῶν

206 2491 208 2495 ·
263 2465 362 2548 ίςορεῖ.
381 2465 478 2548 ταδτη
499 2460 533 2526 δι’
556 2463 610 2525 ιιαί
627 2458 768 2542 Ἡραιιλῆ
790 2482 864 2541 φασι
885 2460 1040 2540 γενέσθαι.
1085 2462 1236 2532 Conferat

221 2564 227 2585 ²
264 2573 343 2638 mihi
369 2571 479 2657 aliquis
500 2592 574 2636 cum
599 2569 648 2635 his
665 2569 775 2634 locum
789 2570 922 2634 Zenobii
937 2571 1028 2637 Cent.
1047 2570 1103 2638 VI.
1121 2597 1154 2661 7.
1176 2583 1236 2643 1¹3.

264 2685 352 2768 τράδι
365 2678 505 2768 γέγονας]
520 2682 678 2763 παροιμία.
698 2683 753 2747 τὸν
761 2679 919 2765 Ἡρακλέα
936 2688 993 2768 γάρ
1002 2707 1072 2768 φησι
1083 2683 1180 2773 [φασι]
1190 2714 1238 2754 τε·

266 2794 354 2878 τράδι
364 2799 553 2875 γεννηθῆναι
566 2791 619 2852 ιιαί
632 2788 758 2865 ἔνδοξον
769 2794 846 2857 ὄντα
858 2794 910 2855 καί
924 2795 1236 2886 ἐπιφανίςατονοίλλορ

267 2902 480 2987 ταλαιπωρεῖν.
502 2898 597 2973 Ἔςιν
615 2892 670 2967 οὖν
690 2907 711 2984 ἠ
728 2902 874 2984 παροιμία
900 2905 950 2969 ἐπί
972 2911 1035 2972 τῶν
1056 2907 1166 2984 ἄλλοις
1179 2935 1236 2976 πο-

268 3023 412 3083 νούντων.
433 3008 583 3095 μίμνηται
600 3015 711 3093 ταιίτης
733 3009 866 3088 Πλάτων
888 3015 1073 3095 ὁΚωμιιιός.
1100 3017 1151 3084 Cf.
1167 3016 1237 3082 Sui·

263 3106 325 3188 ‘dos
346 3133 378 3188 et
396 3120 528 3185 Photius
551 3142 584 3185 v.
601 3120 733 3206 Τετράδι
752 3121 896 3203 γέγονας,
920 3123 974 3187 ubi
991 3123 1130 3190 Platonis
1146 3150 1234 3193 men·

267 3234 315 3300 tio
330 3233 445 3298 omissa
459 3245 517 3296 est.
564 3231 643 3295 Cum
659 3232 707 3295 his
721 3231 817 3320 igitur
831 3233 1068 3322 componendus
1084 3252 1131 3299 est
1147 3238 1235 3304 locus

267 3342 399 3426 Suidae,
425 3340 466 3406 de
492 3363 556 3429 quo
583 3342 722 3432 ughis,
745 3341 906 3430 Ἀρκάδας
918 3351 1114 3427 μιμοδμενοιι
1128 3376 1234 3438 παροι-

267 3459 323 3534 μία
340 3458 390 3523 tut
409 3459 473 3523 τῶν
491 3453 603 3540 ἑτέροις
624 3446 812 3524 Moror.
832 3490 876 3512 v·
896 3456 948 3522 διὰ
967 3459 1025 3543 γὰρ
1046 3462 1082 3523 τὸ
1100 3464 1156 3537 τὰς
1178 3488 1236 3528 ιιω·

268 3570 385 3660 μορδίαι,Ι
403 3569 494 3643 αὐτὸς
511 3571 610 3635 ποιῶν
628 3565 733 3643 ἄλλοις
752 3567 895 3655 παρέχειν
916 3568 968 3634 δαί
988 3570 1099 3638 πενίαν
1120 3571 1236 3658 Ἀρνά·

271 3681 327 3755 δας
350 3688 506 3762 μιμεῖσθαι
531 3680 598 3763 ἔφη.
635 3677 685 3745 ef.
703 3679 824 3744 Zenob.
844 3681 885 3745 11.
906 3677 959 3766 59.
983 3680 1118 3772 Diogen.
1134 3685 1160 3751 1.
1178 3706 1232 3770 ορ.

271 3788 326 3855 ulii
341 3787 455 3878 legitur
468 3788 630 3872 Ἀρκάδας
640 3796 829 3872 μιμοιίμενος.
874 3788 949 3854 Non
963 3805 1085 3879 potest,
1102 3793 1177 3880 quin
1190 3793 1237 3858 in·

270 3897 365 3986 signis
379 3897 493 3960 horum
507 3895 652 3959 locorum
667 3897 797 3964 interne
811 3886 983 3965 'similitudo
1000 3923 1109 3966 omnes
1122 3902 1234 3968 adver-

268 4021 334 4077 tat:
370 4026 473 4096 neque
501 4020 641 4087 tenere,
683 4005 819 4096 opinor,
852 4008 1007 4077 rationem
1039 4007 1235 4097 concludas,
