<?xml version="1.0" encoding="UTF-8"?>
<!DOCTYPE html PUBLIC "-//W3C//DTD XHTML 1.0 Transitional//EN"
    "http://www.w3.org/TR/xhtml1/DTD/xhtml1-transitional.dtd">
<html xmlns="http://www.w3.org/1999/xhtml" xml:lang="en" lang="en">
 <head>
  <title>
</title>
<meta http-equiv="Content-Type" content="text/html;charset=utf-8" />
  <meta name='ocr-system' content='tesseract 3.04.00' />
  <meta name='ocr-capabilities' content='ocr_page ocr_carea ocr_par ocr_line ocrx_word'/>
</head>
<body>
  <div class='ocr_page' id='page_1' title='image "./observationescr01cobegoog/observationescr01cobegoog_0072.png"; bbox 0 0 2618 4934; ppageno 0'>
   <div class='ocr_carea' id='block_1_1' title="bbox 545 399 584 465">
    <p class='ocr_par' dir='ltr' id='par_1_1' title="bbox 545 399 584 465">
     <span class='ocr_line' id='line_1_1' title="bbox 545 399 584 465; baseline 0 0"><span class='ocrx_word' id='word_1_1' title='bbox 545 399 584 465; x_wconf 83' lang='lat' dir='ltr'>ut</span> 
     </span>
    </p>
   </div>
   <div class='ocr_carea' id='block_1_2' title="bbox 60 603 1040 1788">
    <p class='ocr_par' dir='ltr' id='par_1_2' title="bbox 62 603 1040 1353">
     <span class='ocr_line' id='line_1_2' title="bbox 98 603 1040 698; baseline 0.006 -29"><span class='ocrx_word' id='word_1_2' title='bbox 98 604 235 686; x_wconf 83' lang='lat' dir='ltr'>&#39;Quaeri</span> <span class='ocrx_word' id='word_1_3' title='bbox 256 605 353 670; x_wconf 71' lang='lat' dir='ltr'>ebant</span> <span class='ocrx_word' id='word_1_4' title='bbox 373 617 496 691; x_wconf 86' lang='lat' dir='ltr'>potest,</span> <span class='ocrx_word' id='word_1_5' title='bbox 519 604 662 690; x_wconf 87' lang='lat' dir='ltr'>quisnam</span> <span class='ocrx_word' id='word_1_6' title='bbox 677 603 725 669; x_wconf 84' lang='lat' dir='ltr'>bis</span> <span class='ocrx_word' id='word_1_7' title='bbox 739 604 936 694; x_wconf 76' lang='lat' dir='ltr'>temporibus</span> <span class='ocrx_word' id='word_1_8' title='bbox 948 630 1040 698; x_wconf 76' lang='lat' dir='ltr'>prae·</span> 
     </span>
     <span class='ocr_line' id='line_1_3' title="bbox 68 711 1040 806; baseline 0.003 -24"><span class='ocrx_word' id='word_1_9' title='bbox 68 733 119 782; x_wconf 87' lang='lat' dir='ltr'>ter</span> <span class='ocrx_word' id='word_1_10' title='bbox 129 713 330 780; x_wconf 80' lang='lat' dir='ltr'><strong>Alcibiadem</strong></span> <span class='ocrx_word' id='word_1_11' title='bbox 342 737 378 778; x_wconf 88' lang='lat' dir='ltr'>ea</span> <span class='ocrx_word' id='word_1_12' title='bbox 387 711 470 801; x_wconf 90' lang='lat' dir='ltr'>apud</span> <span class='ocrx_word' id='word_1_13' title='bbox 482 712 608 801; x_wconf 83' lang='lat' dir='ltr'>plebem</span> <span class='ocrx_word' id='word_1_14' title='bbox 619 714 719 804; x_wconf 84' lang='lat' dir='ltr'>gratia</span> <span class='ocrx_word' id='word_1_15' title='bbox 731 715 877 799; x_wconf 84' lang='lat' dir='ltr'>valuerit,</span> <span class='ocrx_word' id='word_1_16' title='bbox 889 728 940 800; x_wconf 84' lang='lat' dir='ltr'>ut,</span> <span class='ocrx_word' id='word_1_17' title='bbox 951 718 1040 806; x_wconf 79' lang='lat' dir='ltr'>quod</span> 
     </span>
     <span class='ocr_line' id='line_1_4' title="bbox 68 823 1038 914; baseline 0.003 -23"><span class='ocrx_word' id='word_1_18' title='bbox 68 826 217 891; x_wconf 85' lang='lat' dir='ltr'>omnibus</span> <span class='ocrx_word' id='word_1_19' title='bbox 246 840 313 889; x_wconf 89' lang='lat' dir='ltr'>erat</span> <span class='ocrx_word' id='word_1_20' title='bbox 335 823 590 889; x_wconf 87' lang='lat' dir='ltr'>iucundissimum</span> <span class='ocrx_word' id='word_1_21' title='bbox 616 842 847 914; x_wconf 75' lang='lat' dir='ltr'>perpetuaeque</span> <span class='ocrx_word' id='word_1_22' title='bbox 873 827 1038 894; x_wconf 81' lang='lat' dir='ltr'>hilaritatis</span> 
     </span>
     <span class='ocr_line' id='line_1_5' title="bbox 66 931 1035 1026; baseline -0.001 -25"><span class='ocrx_word' id='word_1_23' title='bbox 66 936 139 1001; x_wconf 76' lang='lat' dir='ltr'>tons</span> <span class='ocrx_word' id='word_1_24' title='bbox 161 936 351 1015; x_wconf 88' lang='lat' dir='ltr'>uberrimus,</span> <span class='ocrx_word' id='word_1_25' title='bbox 375 931 410 998; x_wconf 89' lang='lat' dir='ltr'>id</span> <span class='ocrx_word' id='word_1_26' title='bbox 431 934 521 999; x_wconf 89' lang='lat' dir='ltr'>unius</span> <span class='ocrx_word' id='word_1_27' title='bbox 536 931 677 1022; x_wconf 85' lang='lat' dir='ltr'>cupidini</span> <span class='ocrx_word' id='word_1_28' title='bbox 694 957 807 1023; x_wconf 88' lang='lat' dir='ltr'>sponte</span> <span class='ocrx_word' id='word_1_29' title='bbox 822 937 1035 1026; x_wconf 58' lang='lat' dir='ltr'>gmtilicarcns</span> 
     </span>
     <span class='ocr_line' id='line_1_6' title="bbox 66 1043 1037 1137; baseline 0.004 -26"><span class='ocrx_word' id='word_1_30' title='bbox 66 1063 136 1112; x_wconf 85' lang='lat' dir='ltr'>tur:</span> <span class='ocrx_word' id='word_1_31' title='bbox 160 1047 219 1110; x_wconf 91' lang='lat' dir='ltr'>nisi</span> <span class='ocrx_word' id='word_1_32' title='bbox 244 1045 311 1132; x_wconf 87' lang='lat' dir='ltr'>quis</span> <span class='ocrx_word' id='word_1_33' title='bbox 330 1043 531 1131; x_wconf 71' lang='lat' dir='ltr'>Syracosium</span> <span class='ocrx_word' id='word_1_34' title='bbox 552 1045 666 1128; x_wconf 90' lang='lat' dir='ltr'>istum,</span> <span class='ocrx_word' id='word_1_35' title='bbox 687 1046 831 1134; x_wconf 69' lang='lat' dir='ltr'>igumum</span> <span class='ocrx_word' id='word_1_36' title='bbox 847 1063 880 1111; x_wconf 75' lang='lat' dir='ltr'>e*-</span> <span class='ocrx_word' id='word_1_37' title='bbox 893 1048 1037 1137; x_wconf 89' lang='lat' dir='ltr'>ineptum</span> 
     </span>
     <span class='ocr_line' id='line_1_7' title="bbox 62 1152 1033 1242; baseline 0.005 -22"><span class='ocrx_word' id='word_1_38' title='bbox 62 1157 241 1236; x_wconf 89' lang='lat' dir='ltr'>hominem,</span> <span class='ocrx_word' id='word_1_39' title='bbox 251 1152 287 1218; x_wconf 89' lang='lat' dir='ltr'>id</span> <span class='ocrx_word' id='word_1_40' title='bbox 300 1176 357 1218; x_wconf 86' lang='lat' dir='ltr'>sua</span> <span class='ocrx_word' id='word_1_41' title='bbox 371 1153 471 1242; x_wconf 84' lang='lat' dir='ltr'>gratia</span> <span class='ocrx_word' id='word_1_42' title='bbox 487 1153 670 1242; x_wconf 82' lang='lat' dir='ltr'>impetrasse</span> <span class='ocrx_word' id='word_1_43' title='bbox 682 1155 717 1222; x_wconf 90' lang='lat' dir='ltr'>in</span> <span class='ocrx_word' id='word_1_44' title='bbox 731 1157 871 1223; x_wconf 85' lang='lat' dir='ltr'>animum</span> <span class='ocrx_word' id='word_1_45' title='bbox 882 1157 1033 1225; x_wconf 75' lang='lat' dir='ltr'>inducere</span> 
     </span>
     <span class='ocr_line' id='line_1_8' title="bbox 63 1265 209 1353; baseline 0 -25"><span class='ocrx_word' id='word_1_46' title='bbox 63 1265 173 1353; x_wconf 89' lang='lat' dir='ltr'>possit.</span> <span class='ocrx_word' id='word_1_47' title='bbox 205 1280 209 1288; x_wconf 83' lang='lat'>&#39;</span> 
     </span>
    </p>

    <p class='ocr_par' dir='ltr' id='par_1_3' title="bbox 60 1369 1038 1788">
     <span class='ocr_line' id='line_1_9' title="bbox 106 1369 1031 1462; baseline 0.008 -26"><span class='ocrx_word' id='word_1_48' title='bbox 106 1374 231 1437; x_wconf 87' lang='lat' dir='ltr'>Interea</span> <span class='ocrx_word' id='word_1_49' title='bbox 253 1373 365 1462; x_wconf 85' lang='lat' dir='ltr'>ingens</span> <span class='ocrx_word' id='word_1_50' title='bbox 388 1369 519 1436; x_wconf 78' lang='lat' dir='ltr'>Athenis</span> <span class='ocrx_word' id='word_1_51' title='bbox 544 1369 714 1459; x_wconf 81' lang='lat' dir='ltr'>trepidatio</span> <span class='ocrx_word' id='word_1_52' title='bbox 738 1387 811 1441; x_wconf 86' lang='lat' dir='ltr'>orta</span> <span class='ocrx_word' id='word_1_53' title='bbox 829 1388 893 1442; x_wconf 80' lang='lat' dir='ltr'>eat.</span> <span class='ocrx_word' id='word_1_54' title='bbox 945 1374 1031 1443; x_wconf 89' lang='lat' dir='ltr'>Dum</span> 
     </span>
     <span class='ocr_line' id='line_1_10' title="bbox 61 1481 1038 1572; baseline 0.007 -25"><span class='ocrx_word' id='word_1_55' title='bbox 61 1483 183 1548; x_wconf 90' lang='lat' dir='ltr'>bellum</span> <span class='ocrx_word' id='word_1_56' title='bbox 208 1504 328 1547; x_wconf 88' lang='lat' dir='ltr'>summa</span> <span class='ocrx_word' id='word_1_57' title='bbox 355 1503 419 1568; x_wconf 88' lang='lat' dir='ltr'>ope</span> <span class='ocrx_word' id='word_1_58' title='bbox 442 1495 589 1568; x_wconf 88' lang='lat' dir='ltr'>paratur,</span> <span class='ocrx_word' id='word_1_59' title='bbox 614 1481 753 1554; x_wconf 85' lang='lat' dir='ltr'>Hermae</span> <span class='ocrx_word' id='word_1_60' title='bbox 774 1505 885 1551; x_wconf 85' lang='lat' dir='ltr'>omnes</span> <span class='ocrx_word' id='word_1_61' title='bbox 906 1501 1038 1572; x_wconf 82' lang='lat' dir='ltr'>praeter.</span> 
     </span>
     <span class='ocr_line' id='line_1_11' title="bbox 60 1589 1031 1664; baseline 0.001 -6"><span class='ocrx_word' id='word_1_62' title='bbox 60 1616 158 1659; x_wconf 89' lang='lat' dir='ltr'>unum</span> <span class='ocrx_word' id='word_1_63' title='bbox 180 1616 245 1657; x_wconf 88' lang='lat' dir='ltr'>una</span> <span class='ocrx_word' id='word_1_64' title='bbox 264 1606 360 1658; x_wconf 89' lang='lat' dir='ltr'>nocte</span> <span class='ocrx_word' id='word_1_65' title='bbox 381 1589 584 1659; x_wconf 80' lang='lat' dir='ltr'>deiiciuntur.</span> <span class='ocrx_word' id='word_1_66' title='bbox 630 1591 724 1661; x_wconf 86' lang='lat' dir='ltr'>Plebs</span> <span class='ocrx_word' id='word_1_67' title='bbox 738 1591 832 1657; x_wconf 80' lang='lat' dir='ltr'>rariia</span> <span class='ocrx_word' id='word_1_68' title='bbox 846 1593 930 1662; x_wconf 83' lang='lat' dir='ltr'>curia</span> <span class='ocrx_word' id='word_1_69' title='bbox 944 1595 1031 1664; x_wconf 83' lang='lat' dir='ltr'>solli·</span> 
     </span>
     <span class='ocr_line' id='line_1_12' title="bbox 61 1701 1035 1788; baseline 0.005 -22"><span class='ocrx_word' id='word_1_70' title='bbox 61 1703 122 1775; x_wconf 85' lang='lat' dir='ltr'>cita</span> <span class='ocrx_word' id='word_1_71' title='bbox 138 1720 173 1769; x_wconf 88' lang='lat' dir='ltr'>et</span> <span class='ocrx_word' id='word_1_72' title='bbox 191 1702 284 1768; x_wconf 73' lang='lat' dir='ltr'>anne</span> <span class='ocrx_word' id='word_1_73' title='bbox 298 1716 461 1782; x_wconf 85' lang='lat' dir='ltr'>metuens,</span> <span class='ocrx_word' id='word_1_74' title='bbox 478 1723 518 1767; x_wconf 89' lang='lat' dir='ltr'>ne</span> <span class='ocrx_word' id='word_1_75' title='bbox 534 1723 596 1788; x_wconf 87' lang='lat' dir='ltr'>qua</span> <span class='ocrx_word' id='word_1_76' title='bbox 613 1701 778 1788; x_wconf 82' lang='lat' dir='ltr'>repentina</span> <span class='ocrx_word' id='word_1_77' title='bbox 792 1701 838 1771; x_wconf 80' lang='lat' dir='ltr'>vis</span> <span class='ocrx_word' id='word_1_78' title='bbox 852 1701 1035 1771; x_wconf 87' lang='lat' dir='ltr'>libertatem</span> 
     </span>
    </p>
   </div>
   <div class='ocr_carea' id='block_1_3' title="bbox 61 1811 1143 1900">
    <p class='ocr_par' dir='ltr' id='par_1_4' title="bbox 61 1811 1143 1900">
     <span class='ocr_line' id='line_1_13' title="bbox 61 1811 1143 1900; baseline 0.005 -24"><span class='ocrx_word' id='word_1_79' title='bbox 61 1814 272 1900; x_wconf 85' lang='lat' dir='ltr'>opprimeret,</span> <span class='ocrx_word' id='word_1_80' title='bbox 298 1811 456 1877; x_wconf 79' lang='lat' dir='ltr'>acerrimis</span> <span class='ocrx_word' id='word_1_81' title='bbox 472 1811 707 1898; x_wconf 83' lang='lat' dir='ltr'>quaestionibus</span> <span class='ocrx_word' id='word_1_82' title='bbox 723 1828 791 1878; x_wconf 88' lang='lat' dir='ltr'>erat</span> <span class='ocrx_word' id='word_1_83' title='bbox 805 1812 938 1881; x_wconf 86' lang='lat' dir='ltr'>intenta.</span> <span class='ocrx_word' id='word_1_84' title='bbox 971 1813 1039 1881; x_wconf 60' lang='lat' dir='ltr'>Nae</span> <span class='ocrx_word' id='word_1_85' title='bbox 1140 1840 1143 1846; x_wconf 47' lang='lat'>³</span> 
     </span>
    </p>
   </div>
   <div class='ocr_carea' id='block_1_4' title="bbox 39 1919 1125 4181">
    <p class='ocr_par' dir='ltr' id='par_1_5' title="bbox 39 1919 1125 4181">
     <span class='ocr_line' id='line_1_14' title="bbox 62 1919 1030 2010; baseline 0.007 -25"><span class='ocrx_word' id='word_1_86' title='bbox 62 1923 225 2008; x_wconf 83' lang='lat' dir='ltr'>quissimus</span> <span class='ocrx_word' id='word_1_87' title='bbox 247 1922 376 2009; x_wconf 88' lang='lat' dir='ltr'>quisque</span> <span class='ocrx_word' id='word_1_88' title='bbox 397 1944 453 2010; x_wconf 91' lang='lat' dir='ltr'>spe</span> <span class='ocrx_word' id='word_1_89' title='bbox 467 1920 550 1988; x_wconf 84' lang='lat' dir='ltr'>lucri</span> <span class='ocrx_word' id='word_1_90' title='bbox 564 1920 641 1987; x_wconf 83' lang='lat' dir='ltr'>lalsa</span> <span class='ocrx_word' id='word_1_91' title='bbox 655 1919 774 1990; x_wconf 80' lang='lat' dir='ltr'>indicis</span> <span class='ocrx_word' id='word_1_92' title='bbox 787 1923 823 1990; x_wconf 84' lang='lat' dir='ltr'>ln</span> <span class='ocrx_word' id='word_1_93' title='bbox 836 1922 922 1991; x_wconf 83' lang='lat' dir='ltr'>viros</span> <span class='ocrx_word' id='word_1_94' title='bbox 936 1924 1030 1992; x_wconf 87' lang='lat' dir='ltr'>uubi-</span> 
     </span>
     <span class='ocr_line' id='line_1_15' title="bbox 61 2028 1029 2124; baseline 0.005 -27"><span class='ocrx_word' id='word_1_95' title='bbox 61 2032 107 2101; x_wconf 85' lang='lat' dir='ltr'>les</span> <span class='ocrx_word' id='word_1_96' title='bbox 135 2031 176 2096; x_wconf 89' lang='lat' dir='ltr'>ad</span> <span class='ocrx_word' id='word_1_97' title='bbox 197 2033 392 2121; x_wconf 85' lang='lat' dir='ltr'>suspicacem</span> <span class='ocrx_word' id='word_1_98' title='bbox 415 2031 542 2121; x_wconf 88' lang='lat' dir='ltr'>plebem</span> <span class='ocrx_word' id='word_1_99' title='bbox 564 2028 726 2101; x_wconf 80' lang='lat' dir='ltr'>deferuntt</span> <span class='ocrx_word' id='word_1_100' title='bbox 752 2033 866 2124; x_wconf 89' lang='lat' dir='ltr'>optimi</span> <span class='ocrx_word' id='word_1_101' title='bbox 891 2033 973 2100; x_wconf 87' lang='lat' dir='ltr'>cives</span> <span class='ocrx_word' id='word_1_102' title='bbox 994 2034 1029 2102; x_wconf 91' lang='lat' dir='ltr'>iu</span> 
     </span>
     <span class='ocr_line' id='line_1_16' title="bbox 59 2140 1030 2230; baseline 0.004 -22"><span class='ocrx_word' id='word_1_103' title='bbox 59 2143 183 2208; x_wconf 87' lang='lat' dir='ltr'>vincula</span> <span class='ocrx_word' id='word_1_104' title='bbox 205 2144 383 2208; x_wconf 88' lang='lat' dir='ltr'>trahuntur.</span> <span class='ocrx_word' id='word_1_105' title='bbox 429 2143 468 2210; x_wconf 88' lang='lat' dir='ltr'>In</span> <span class='ocrx_word' id='word_1_106' title='bbox 490 2143 551 2209; x_wconf 88' lang='lat' dir='ltr'>bac</span> <span class='ocrx_word' id='word_1_107' title='bbox 572 2140 784 2230; x_wconf 85' lang='lat' dir='ltr'>trepidatione</span> <span class='ocrx_word' id='word_1_108' title='bbox 805 2142 961 2230; x_wconf 87' lang='lat' dir='ltr'>perlatum</span> <span class='ocrx_word' id='word_1_109' title='bbox 981 2167 1030 2212; x_wconf 87' lang='lat' dir='ltr'>at·</span> 
     </span>
     <span class='ocr_line' id='line_1_17' title="bbox 60 2240 1036 2342; baseline 0.005 -24"><span class='ocrx_word' id='word_1_110' title='bbox 60 2253 163 2318; x_wconf 90' lang='lat' dir='ltr'>bitror</span> <span class='ocrx_word' id='word_1_111' title='bbox 176 2253 373 2341; x_wconf 85' lang='lat' dir='ltr'>psephisma,</span> <span class='ocrx_word' id='word_1_112' title='bbox 388 2274 451 2339; x_wconf 89' lang='lat' dir='ltr'>quo</span> <span class='ocrx_word' id='word_1_113' title='bbox 469 2251 662 2318; x_wconf 90' lang='lat' dir='ltr'>Comoediae</span> <span class='ocrx_word' id='word_1_114' title='bbox 677 2240 805 2318; x_wconf 88' lang='lat' dir='ltr'>licentia</span> <span class='ocrx_word' id='word_1_115' title='bbox 820 2276 960 2342; x_wconf 83' lang='lat' dir='ltr'>repressa</span> <span class='ocrx_word' id='word_1_116' title='bbox 969 2269 1036 2324; x_wconf 53' lang='lat' dir='ltr'>este</span> 
     </span>
     <span class='ocr_line' id='line_1_18' title="bbox 59 2342 1039 2450; baseline 0.001 -24"><span class='ocrx_word' id='word_1_117' title='bbox 59 2342 189 2428; x_wconf 89' lang='lat' dir='ltr'>Scilicet</span> <span class='ocrx_word' id='word_1_118' title='bbox 204 2362 413 2450; x_wconf 88' lang='lat' dir='ltr'>plurimorum</span> <span class='ocrx_word' id='word_1_119' title='bbox 427 2365 594 2441; x_wconf 84' lang='lat' dir='ltr'>intererat,</span> <span class='ocrx_word' id='word_1_120' title='bbox 609 2375 645 2423; x_wconf 90' lang='lat' dir='ltr'>ut</span> <span class='ocrx_word' id='word_1_121' title='bbox 661 2383 702 2427; x_wconf 90' lang='lat' dir='ltr'>ne</span> <span class='ocrx_word' id='word_1_122' title='bbox 717 2384 773 2424; x_wconf 83' lang='lat' dir='ltr'>sua</span> <span class='ocrx_word' id='word_1_123' title='bbox 788 2360 904 2449; x_wconf 82' lang='lat' dir='ltr'>flagitia</span> <span class='ocrx_word' id='word_1_124' title='bbox 921 2363 1039 2450; x_wconf 81' lang='lat' dir='ltr'>palam‘</span> 
     </span>
     <span class='ocr_line' id='line_1_19' title="bbox 58 2467 1028 2562; baseline -0.002 -24"><span class='ocrx_word' id='word_1_125' title='bbox 58 2474 303 2562; x_wconf 83' lang='lat' dir='ltr'>castigarentur:</span> <span class='ocrx_word' id='word_1_126' title='bbox 333 2487 366 2539; x_wconf 90' lang='lat' dir='ltr'>et</span> <span class='ocrx_word' id='word_1_127' title='bbox 389 2471 547 2561; x_wconf 86' lang='lat' dir='ltr'>plerisque</span> <span class='ocrx_word' id='word_1_128' title='bbox 570 2467 665 2532; x_wconf 86' lang='lat' dir='ltr'>etiam</span> <span class='ocrx_word' id='word_1_129' title='bbox 689 2468 822 2555; x_wconf 89' lang='lat' dir='ltr'>plebeiis</span> <span class='ocrx_word' id='word_1_130' title='bbox 847 2471 1028 2541; x_wconf 82' lang='lat' dir='ltr'>bantinibus</span> 
     </span>
     <span class='ocr_line' id='line_1_20' title="bbox 57 2576 1038 2672; baseline -0.004 -25"><span class='ocrx_word' id='word_1_131' title='bbox 57 2581 156 2648; x_wconf 82' lang='lat' dir='ltr'>videri</span> <span class='ocrx_word' id='word_1_132' title='bbox 177 2583 282 2672; x_wconf 91' lang='lat' dir='ltr'>potuit</span> <span class='ocrx_word' id='word_1_133' title='bbox 303 2606 322 2648; x_wconf 92' lang='lat' dir='ltr'>e</span> <span class='ocrx_word' id='word_1_134' title='bbox 342 2606 412 2669; x_wconf 83' lang='lat' dir='ltr'>rep.</span> <span class='ocrx_word' id='word_1_135' title='bbox 431 2600 512 2660; x_wconf 89' lang='lat' dir='ltr'>esse,</span> <span class='ocrx_word' id='word_1_136' title='bbox 534 2593 570 2643; x_wconf 89' lang='lat' dir='ltr'>ut</span> <span class='ocrx_word' id='word_1_137' title='bbox 585 2576 795 2643; x_wconf 87' lang='lat' dir='ltr'>contumeliae</span> <span class='ocrx_word' id='word_1_138' title='bbox 810 2583 977 2666; x_wconf 70' lang='lat' dir='ltr'>petitarum</span> <span class='ocrx_word' id='word_1_139' title='bbox 992 2580 1038 2647; x_wconf 89' lang='lat' dir='ltr'>in.-</span> 
     </span>
     <span class='ocr_line' id='line_1_21' title="bbox 56 2686 1036 2782; baseline -0.007 -24"><span class='ocrx_word' id='word_1_140' title='bbox 56 2715 132 2772; x_wconf 90' lang='lat' dir='ltr'>eos,</span> <span class='ocrx_word' id='word_1_141' title='bbox 160 2714 335 2782; x_wconf 87' lang='lat' dir='ltr'>aquarum</span> <span class='ocrx_word' id='word_1_142' title='bbox 358 2691 474 2752; x_wconf 81' lang='lat' dir='ltr'>virtute</span> <span class='ocrx_word' id='word_1_143' title='bbox 499 2687 615 2753; x_wconf 88' lang='lat' dir='ltr'>bellica</span> <span class='ocrx_word' id='word_1_144' title='bbox 638 2709 677 2753; x_wconf 85' lang='lat' dir='ltr'>ex</span> <span class='ocrx_word' id='word_1_145' title='bbox 699 2686 870 2776; x_wconf 82' lang='lat' dir='ltr'>longinqua</span> <span class='ocrx_word' id='word_1_146' title='bbox 897 2687 1036 2777; x_wconf 47' lang='lat' dir='ltr'>expedis,</span> 
     </span>
     <span class='ocr_line' id='line_1_22' title="bbox 44 2796 1024 2891; baseline 0 -23"><span class='ocrx_word' id='word_1_147' title='bbox 44 2804 144 2868; x_wconf 83' lang='lat' dir='ltr'>‘tione</span> <span class='ocrx_word' id='word_1_148' title='bbox 159 2803 297 2891; x_wconf 83' lang='lat' dir='ltr'>gloriam</span> <span class='ocrx_word' id='word_1_149' title='bbox 308 2816 341 2866; x_wconf 90' lang='lat' dir='ltr'>et</span> <span class='ocrx_word' id='word_1_150' title='bbox 356 2822 432 2890; x_wconf 91' lang='lat' dir='ltr'>opes</span> <span class='ocrx_word' id='word_1_151' title='bbox 448 2796 645 2864; x_wconf 86' lang='lat' dir='ltr'>confidenter</span> <span class='ocrx_word' id='word_1_152' title='bbox 661 2799 903 2887; x_wconf 79' lang='lat' dir='ltr'>exspectabant,</span> <span class='ocrx_word' id='word_1_153' title='bbox 916 2800 950 2866; x_wconf 91' lang='lat' dir='ltr'>iu</span> <span class='ocrx_word' id='word_1_154' title='bbox 969 2799 1024 2868; x_wconf 88' lang='lat' dir='ltr'>ali-</span> 
     </span>
     <span class='ocr_line' id='line_1_23' title="bbox 39 2907 1037 3002; baseline 0.003 -26"><span class='ocrx_word' id='word_1_155' title='bbox 39 2910 145 3000; x_wconf 47' lang='lat' dir='ltr'>“quod</span> <span class='ocrx_word' id='word_1_156' title='bbox 168 2928 254 2977; x_wconf 86' lang='lat' dir='ltr'>carte</span> <span class='ocrx_word' id='word_1_157' title='bbox 282 2930 402 3002; x_wconf 91' lang='lat' dir='ltr'>tempus</span> <span class='ocrx_word' id='word_1_158' title='bbox 431 2924 744 2999; x_wconf 56' lang='lat' dir='ltr'>compescerentur„</span> <span class='ocrx_word' id='word_1_159' title='bbox 773 2907 861 2990; x_wconf 80' lang='lat' dir='ltr'>Quos</span> <span class='ocrx_word' id='word_1_160' title='bbox 890 2907 1037 2979; x_wconf 68' lang='lat' dir='ltr'>florenta»</span> 
     </span>
     <span class='ocr_line' id='line_1_24' title="bbox 53 3019 1036 3112; baseline -0.006 -25"><span class='ocrx_word' id='word_1_161' title='bbox 53 3046 123 3111; x_wconf 85' lang='lat' dir='ltr'>rep.</span> <span class='ocrx_word' id='word_1_162' title='bbox 139 3045 246 3111; x_wconf 79' lang='lat' dir='ltr'>saepe</span> <span class='ocrx_word' id='word_1_163' title='bbox 269 3038 417 3112; x_wconf 86' lang='lat' dir='ltr'>proterve</span> <span class='ocrx_word' id='word_1_164' title='bbox 438 3021 616 3102; x_wconf 88' lang='lat' dir='ltr'>irriserant,</span> <span class='ocrx_word' id='word_1_165' title='bbox 638 3019 752 3086; x_wconf 89' lang='lat' dir='ltr'>mobili</span> <span class='ocrx_word' id='word_1_166' title='bbox 773 3020 918 3090; x_wconf 83' lang='lat' dir='ltr'>homines</span> <span class='ocrx_word' id='word_1_167' title='bbox 933 3020 1036 3110; x_wconf 55' lang='lat' dir='ltr'>iuge-1</span> 
     </span>
     <span class='ocr_line' id='line_1_25' title="bbox 55 3128 1022 3214; baseline -0.002 -18"><span class='ocrx_word' id='word_1_168' title='bbox 55 3132 127 3214; x_wconf 91' lang='lat' dir='ltr'>nio,</span> <span class='ocrx_word' id='word_1_169' title='bbox 152 3132 281 3198; x_wconf 88' lang='lat' dir='ltr'>eosdem</span> <span class='ocrx_word' id='word_1_170' title='bbox 305 3134 338 3197; x_wconf 91' lang='lat' dir='ltr'>in</span> <span class='ocrx_word' id='word_1_171' title='bbox 360 3133 452 3198; x_wconf 89' lang='lat' dir='ltr'>rebus</span> <span class='ocrx_word' id='word_1_172' title='bbox 475 3129 594 3212; x_wconf 90' lang='lat' dir='ltr'>dubiis,</span> <span class='ocrx_word' id='word_1_173' title='bbox 617 3130 664 3195; x_wconf 92' lang='lat' dir='ltr'>uti</span> <span class='ocrx_word' id='word_1_174' title='bbox 685 3128 738 3210; x_wconf 87' lang='lat' dir='ltr'>fit,</span> <span class='ocrx_word' id='word_1_175' title='bbox 751 3150 753 3154; x_wconf 67' lang='grc'><strong>“</strong></span> <span class='ocrx_word' id='word_1_176' title='bbox 766 3130 863 3198; x_wconf 89' lang='lat' dir='ltr'>nimia</span> <span class='ocrx_word' id='word_1_177' title='bbox 886 3128 1022 3199; x_wconf 85' lang='lat' dir='ltr'>admira.-</span> 
     </span>
     <span class='ocr_line' id='line_1_26' title="bbox 54 3239 1032 3328; baseline -0.002 -22"><span class='ocrx_word' id='word_1_178' title='bbox 54 3242 142 3307; x_wconf 90' lang='lat' dir='ltr'>tione</span> <span class='ocrx_word' id='word_1_179' title='bbox 163 3258 194 3311; x_wconf 90' lang='lat' dir='ltr'>et</span> <span class='ocrx_word' id='word_1_180' title='bbox 219 3245 418 3309; x_wconf 82' lang='lat' dir='ltr'>observantia</span> <span class='ocrx_word' id='word_1_181' title='bbox 440 3239 605 3305; x_wconf 87' lang='lat' dir='ltr'>colebant:</span> <span class='ocrx_word' id='word_1_182' title='bbox 629 3239 704 3306; x_wconf 89' lang='lat' dir='ltr'>binc</span> <span class='ocrx_word' id='word_1_183' title='bbox 719 3259 839 3307; x_wconf 90' lang='lat' dir='ltr'>summa</span> <span class='ocrx_word' id='word_1_184' title='bbox 853 3240 953 3328; x_wconf 85' lang='lat' dir='ltr'>gratia</span> <span class='ocrx_word' id='word_1_185' title='bbox 967 3259 1032 3307; x_wconf 71' lang='lat' dir='ltr'>raa-.-</span> 
     </span>
     <span class='ocr_line' id='line_1_27' title="bbox 52 3345 1125 3442; baseline 0 -27"><span class='ocrx_word' id='word_1_186' title='bbox 52 3350 160 3415; x_wconf 85' lang='lat' dir='ltr'>lebant</span> <span class='ocrx_word' id='word_1_187' title='bbox 184 3352 267 3440; x_wconf 84' lang='lat' dir='ltr'>apud</span> <span class='ocrx_word' id='word_1_188' title='bbox 286 3352 441 3442; x_wconf 90' lang='lat' dir='ltr'>populum</span> <span class='ocrx_word' id='word_1_189' title='bbox 465 3350 599 3414; x_wconf 88' lang='lat' dir='ltr'>iamiam·</span> <span class='ocrx_word' id='word_1_190' title='bbox 612 3349 646 3413; x_wconf 89' lang='lat' dir='ltr'>ln</span> <span class='ocrx_word' id='word_1_191' title='bbox 667 3347 880 3438; x_wconf 72' lang='lat' dir='ltr'>gravissimam</span> <span class='ocrx_word' id='word_1_192' title='bbox 894 3345 1030 3436; x_wconf 71' lang='lat' dir='ltr'>expedir.</span> <span class='ocrx_word' id='word_1_193' title='bbox 1122 3353 1125 3358; x_wconf 78' lang='grc'><strong>’</strong></span> 
     </span>
     <span class='ocr_line' id='line_1_28' title="bbox 52 3454 1031 3549; baseline -0.002 -22"><span class='ocrx_word' id='word_1_194' title='bbox 52 3462 174 3527; x_wconf 85' lang='lat' dir='ltr'>tionem</span> <span class='ocrx_word' id='word_1_195' title='bbox 199 3462 370 3548; x_wconf 84' lang='lat' dir='ltr'>profecturi</span> <span class='ocrx_word' id='word_1_196' title='bbox 395 3460 513 3542; x_wconf 81' lang='lat' dir='ltr'>duces,</span> <span class='ocrx_word' id='word_1_197' title='bbox 533 3475 572 3549; x_wconf 52' lang='lat' dir='ltr'>¹et</span> <span class='ocrx_word' id='word_1_198' title='bbox 597 3474 669 3527; x_wconf 83' lang='lat' dir='ltr'>ante</span> <span class='ocrx_word' id='word_1_199' title='bbox 694 3469 804 3529; x_wconf 74' lang='lat' dir='ltr'>amnes.</span> <span class='ocrx_word' id='word_1_200' title='bbox 825 3454 1031 3525; x_wconf 70' lang='lat' dir='ltr'>Alcibiades.</span> 
     </span>
     <span class='ocr_line' id='line_1_29' title="bbox 51 3566 1013 3660; baseline 0 -23"><span class='ocrx_word' id='word_1_201' title='bbox 51 3571 159 3657; x_wconf 82' lang='lat' dir='ltr'>Atque</span> <span class='ocrx_word' id='word_1_202' title='bbox 176 3568 222 3635; x_wconf 86' lang='lat' dir='ltr'>ita</span> <span class='ocrx_word' id='word_1_203' title='bbox 244 3570 349 3637; x_wconf 80' lang='lat' dir='ltr'>denuo</span> <span class='ocrx_word' id='word_1_204' title='bbox 368 3586 456 3636; x_wconf 87' lang='lat' dir='ltr'>metu</span> <span class='ocrx_word' id='word_1_205' title='bbox 478 3568 555 3660; x_wconf 82' lang='lat' dir='ltr'>legit</span> <span class='ocrx_word' id='word_1_206' title='bbox 580 3566 1013 3659; x_wconf 54' lang='lat' dir='ltr'>pottasprohibirirneea,</span> 
     </span>
     <span class='ocr_line' id='line_1_30' title="bbox 52 3674 1026 3768; baseline 0.003 -23"><span class='ocrx_word' id='word_1_207' title='bbox 52 3701 133 3768; x_wconf 85' lang='lat' dir='ltr'>qnae</span> <span class='ocrx_word' id='word_1_208' title='bbox 149 3675 388 3767; x_wconf 66' lang='lat' dir='ltr'>dampnaque</span> <span class='ocrx_word' id='word_1_209' title='bbox 404 3676 805 3765; x_wconf 72' lang='lat' dir='ltr'>oonsiliiademagogomm</span> <span class='ocrx_word' id='word_1_210' title='bbox 820 3674 1026 3759; x_wconf 74' lang='lat' dir='ltr'>senaamt‚·.</span> 
     </span>
     <span class='ocr_line' id='line_1_31' title="bbox 50 3784 1031 3884; baseline 0.005 -30"><span class='ocrx_word' id='word_1_211' title='bbox 50 3789 150 3860; x_wconf 81' lang='lat' dir='ltr'>libere</span> <span class='ocrx_word' id='word_1_212' title='bbox 176 3811 214 3865; x_wconf 83' lang='lat' dir='ltr'>ac</span> <span class='ocrx_word' id='word_1_213' title='bbox 233 3787 639 3878; x_wconf 80' lang='lat' dir='ltr'>palamproloquerentur,</span> <span class='ocrx_word' id='word_1_214' title='bbox 662 3784 899 3874; x_wconf 80' lang='lat' dir='ltr'>-ooartiquaud</span> <span class='ocrx_word' id='word_1_215' title='bbox 919 3786 1031 3884; x_wconf 53' lang='lat' dir='ltr'>aliatus</span> 
     </span>
     <span class='ocr_line' id='line_1_32' title="bbox 47 3897 1018 3988; baseline -0.001 -18"><span class='ocrx_word' id='word_1_216' title='bbox 47 3901 212 3970; x_wconf 83' lang='lat' dir='ltr'>materiam</span> <span class='ocrx_word' id='word_1_217' title='bbox 231 3899 431 3987; x_wconf 78' lang='lat' dir='ltr'>formamque</span> <span class='ocrx_word' id='word_1_218' title='bbox 443 3899 640 3988; x_wconf 81' lang='lat' dir='ltr'>confugere,</span> <span class='ocrx_word' id='word_1_219' title='bbox 661 3898 695 3967; x_wconf 84' lang='lat' dir='ltr'>in</span> <span class='ocrx_word' id='word_1_220' title='bbox 714 3920 775 3986; x_wconf 81' lang='lat' dir='ltr'>qua</span> <span class='ocrx_word' id='word_1_221' title='bbox 796 3912 830 3965; x_wconf 88' lang='lat' dir='ltr'>et</span> <span class='ocrx_word' id='word_1_222' title='bbox 853 3897 1018 3987; x_wconf 77' lang='lat' dir='ltr'>ingenium:</span> 
     </span>
     <span class='ocr_line' id='line_1_33' title="bbox 49 4008 1027 4103; baseline -0.002 -26"><span class='ocrx_word' id='word_1_223' title='bbox 49 4008 437 4102; x_wconf 75' lang='lat' dir='ltr'>lepidum&#39;nstendarent,</span> <span class='ocrx_word' id='word_1_224' title='bbox 451 4022 499 4080; x_wconf 53' lang='lat' dir='ltr'>‘at</span> <span class='ocrx_word' id='word_1_225' title='bbox 524 4009 809 4081; x_wconf 71' lang='lat' dir='ltr'>faeeuisaruleun</span> <span class='ocrx_word' id='word_1_226' title='bbox 827 4009 1027 4103; x_wconf 82' lang='lat' dir='ltr'>habentibus.</span> 
     </span>
     <span class='ocr_line' id='line_1_34' title="bbox 843 4118 864 4181; baseline 0 0"><span class='ocrx_word' id='word_1_227' title='bbox 843 4118 864 4181; x_wconf 88' lang='lat'><strong>6</strong></span> 
     </span>
    </p>
   </div>
   <div class='ocr_carea' id='block_1_5' title="bbox 0 0 1314 4934">
    <p class='ocr_par' dir='ltr' id='par_1_6' title="bbox 0 0 1314 4934">
     <span class='ocr_line' id='line_1_35' title="bbox 0 0 1314 4934; baseline 0 5"><span class='ocrx_word' id='word_1_228' title='bbox 0 0 1314 4934; x_wconf 95' lang='lat' dir='ltr'> </span> 
     </span>
    </p>
   </div>
  </div>
 </body>
</html>
