2618 4934
740 325 813 415 roa¹

291 534 402 608 θέτους
416 531 540 614 wenta
554 527 717 617 (Aeschin.
735 526 828 594 Scor.
842 527 900 592 ΠΙ.
920 528 999 617 ra.):
1024 528 1110 616 quod
1124 531 1256 596 innova

291 642 438 732 Prytania
450 639 601 706 accidisse
616 653 652 704 et
663 659 785 701 moram
796 637 906 703 iecisse
918 639 995 703 setis
1007 662 1167 729 magnam,
1182 664 1254 730 per-

289 753 384 817 suasit
409 752 557 816 Luaacius
583 750 623 812 de
643 749 762 813 socrat.
780 755 838 813 civ.
862 771 934 836 pag.
954 747 1028 836 217'.
1045 773 1114 838 sqq.
1132 767 1165 816 et
1179 774 1256 818 con·

288 861 429 927 firmatur
456 884 475 925 a
501 859 711 947 Xenophonte
734 861 762 937 s.
791 878 840 922 ιι.
870 856 927 920 ubi
955 862 1007 922 sol
1033 867 1111 942 μετὰ
1133 840 1274 928 ταῦτα]

287 972 533 1056 κατεψηφίσαντο
559 966 593 1031 in
618 968 700 1030 hanc
727 974 849 1053 partem
875 965 958 1030 bene
984 969 1086 1056 accipi
1111 987 1253 1058 possunt.

289 1081 455 1147 Accedunt
477 1081 526 1145 his
547 1077 613 1142 loci
634 1075 855 1162 Aristophanei
877 1090 941 1139 tam
957 1078 1113 1167 perspicui
1130 1079 1253 1146 diserti·

288 1214 369 1279 que,
390 1207 426 1255 ut
441 1189 504 1276 ‚soli
526 1192 595 1253 rem
611 1184 770 1250 conficere
785 1184 976 1272 potuissent:
1001 1204 1191 1276 quapropter
1207 1192 1254 1256 sio

288 1298 485 1365 statuendum
498 1311 559 1380 est,
574 1296 658 1360 inter
669 1302 887 1359 accusatorum
903 1294 1072 1360 calumnias
1088 1313 1119 1361 et
1125 1297 1254 1364 Praeto-

286 1431 359 1473 rum
380 1406 680 1473 condemnationem
699 1405 838 1494 integros
852 1407 1047 1492 praeteriisse
1062 1408 1254 1475 Maemacte·

285 1519 409 1584 rionem
432 1532 465 1583 et
486 1514 729 1598 Poseideonem,
752 1535 815 1601 qno
836 1536 942 1580 mense
958 1516 1103 1586 Διονύσια
1121 1523 1161 1584 τὰ
1183 1520 1252 1587 κατ’

220 1640 225 1651 ’
285 1631 394 1717 ἀγρούς
418 1643 520 1694 essent
540 1626 712 1708 celebrata,
734 1639 992 1714 protractumque
1015 1648 1080 1692 esse
1100 1626 1253 1695 iudicium

283 1739 320 1805 in
344 1731 484 1806 mensem
509 1735 749 1816 Gamelionem,
785 1754 849 1821 quo
876 1732 1008 1803 Lenaeis
1028 1737 1254 1824 Aristophanes

203 1891 207 1898 .
285 1847 422 1914 ,eluunt
434 1845 633 1936 egregiorum
646 1829 1005 1928 citiumdeprecante'm
1019 1844 1164 1912 vidimus.

329 1954 365 2018 si
384 1952 452 2041 q'nis
474 1952 558 2016 l‘rsno
578 1946 881 2037 nguneosdonem
898 1952 966 2013 veri
981 1955 1120 2038 speciem
1135 1954 1252 2020 habere

285 2060 460 2143 concedet,
488 2054 583 2124 facile
608 2072 657 2122 est
681 2079 720 2122 ex
745 2056 815 2145 ipso
844 2057 1055 2146 Aristophane
1083 2062 1251 2148 evincere,

285 2171 491 2262 Cleophontis
499 2169 540 2233 in
552 2168 603 2232 his
616 2166 714 2233 turbis
733 2183 766 2232 et
780 2165 903 2256 flagitiis
918 2167 1003 2232 haud
1017 2171 1140 2259 exiguas
1154 2173 1253 2240 fuisse

285 2296 400 2371 partes.
428 2280 605 2369 Diligenter
619 2276 704 2342 eninr
719 2269 1030 2343 animadvertendum
1046 2297 1093 2344 est
1108 2283 1141 2345 in
1154 2285 1252 2350 Chori
1268 2322 1272 2333 .

283 2391 462 2474 versiculis,
498 2410 579 2477 quae
609 2385 867 2474 deprecationem
895 2387 1081 2455 Praetorum
1107 2396 1255 2479 proxime
1296 2417 1298 2423 ’

189 2517 195 2573 ⁴,
285 2500 479 2592 praecedunt
501 2521 546 2564 vs.
564 2495 750 2587 678-685.
774 2497 918 2562 convicia
936 2514 969 2563 et
988 2502 1088 2565 minas
1103 2502 1136 2567 in
1151 2519 1250 2570 tenre-

286 2613 403 2677 rarium
426 2609 589 2673 hominem
605 2606 739 2688 effundi,
764 2629 914 2695 eumque,
930 2631 1026 2696 quum
1043 2612 1094 2675 alii
1111 2613 1202 2678 multi
1216 2615 1250 2681 in

285 2723 384 2786 Bonis
406 2706 589 2809 tangantur,
622 2739 697 2819 prae
722 2718 834 2783 ceteris
856 2720 1000 2784 omnibus
1020 2743 1126 2802 aspere
1147 2726 1253 2816 exagi-

288 2830 362 2896 tari:
376 2852 464 2911 nam,
479 2842 698 2916 praeterquam
712 2827 776 2892 hoo
792 2827 883 2911 loco,
898 2831 1128 2920 perstringitur,
1144 2837 1192 2898 uti
1207 2833 1251 2900 ri·

287 2938 406 3021 dimus,
430 2939 464 3001 in
484 2935 547 3000 fine
568 2935 712 3018 fabulse3
735 2953 768 3001 et
780 2937 901 3003 iterum
911 2938 1014 3003 eidem
1030 2940 1195 3007 mandatur
1206 2943 1250 3009 ln·

287 3078 383 3145 quens
397 3077 445 3122 vs.
467 3051 565 3138 1500,
585 3076 678 3141 quem
692 3054 802 3121 locum
816 3056 978 3146 ingeniose
991 3059 1141 3147 explicuit
1150 3059 1251 3125 Fritz·

285 3150 388 3232 sollius
402 3162 443 3228 ad
460 3163 586 3231 Therai.
601 3186 677 3254 pag.
696 3161 779 3240 303„
830 3165 833 3168 ’

273 3322 276 3327 -
328 3273 468 3369 Eaedem
491 3274 587 3364 igitur
608 3296 719 3339 causae
737 3274 901 3340 Platonem
919 3278 1127 3344 commovisse
1141 3278 1249 3347 viden·

285 3394 357 3466 tor,
375 3400 412 3449 ut
428 3398 558 3472 recepta
576 3381 769 3449 Comoedias
787 3383 914 3448 licentio
926 3399 1066 3448 uteretur
1080 3384 1122 3450 ad
1136 3405 1249 3454 notan·

286 3490 363 3562 dum
385 3484 565 3577 hominem,
589 3493 643 3581 qui
662 3508 694 3558 et
707 3493 828 3583 patriae
843 3509 877 3559 et
891 3495 1161 3582 praestantissimis
1175 3500 1250 3566 eiri-
1273 3514 1277 3525 ¹

285 3606 345 3671 bus
368 3606 498 3671 exitium
515 3605 697 3671 intentaret.
735 3601 896 3667 Generosa
917 3603 1047 3669 audacia
1060 3606 1165 3694 ipsum
1186 3609 1249 3676 Po-

287 3717 398 3804 pulum
412 3717 446 3780 in
460 3738 554 3780 scena
567 3714 633 3802 egit
646 3712 814 3802 deceptum
828 3713 917 3778 malis
929 3712 1184 3805 Demngogonrrn
1197 3741 1248 3783 sr-

287 3824 385 3906 tibus,
408 3824 554 3890 infestum
575 3823 701 3911 optimis
722 3823 858 3906 civibus,
882 3838 915 3889 et
929 3825 1118 3912 nequissimo
1134 3829 1251 3916 orique

284 3931 397 3999 stolide
417 3934 651 4021 obsequentem.
697 3933 769 4021 Egit
787 3949 892 3999 autem
911 3934 1085 4022 Populum,
1108 3938 1247 4005 utitatis
