<?xml version="1.0" encoding="UTF-8"?>
<!DOCTYPE html PUBLIC "-//W3C//DTD XHTML 1.0 Transitional//EN"
    "http://www.w3.org/TR/xhtml1/DTD/xhtml1-transitional.dtd">
<html xmlns="http://www.w3.org/1999/xhtml" xml:lang="en" lang="en">
 <head>
  <title>
</title>
<meta http-equiv="Content-Type" content="text/html;charset=utf-8" />
  <meta name='ocr-system' content='tesseract 3.04.00' />
  <meta name='ocr-capabilities' content='ocr_page ocr_carea ocr_par ocr_line ocrx_word'/>
</head>
<body>
  <div class='ocr_page' id='page_1' title='image "./observationescr01cobegoog/observationescr01cobegoog_0061.png"; bbox 0 0 2618 4934; ppageno 0'>
   <div class='ocr_carea' id='block_1_1' title="bbox 650 388 761 456">
    <p class='ocr_par' dir='ltr' id='par_1_1' title="bbox 650 388 761 456">
     <span class='ocr_line' id='line_1_1' title="bbox 650 388 761 456; baseline 0 0"><span class='ocrx_word' id='word_1_1' title='bbox 650 402 657 413; x_wconf 85' lang='lat'>&#39;</span> <span class='ocrx_word' id='word_1_2' title='bbox 716 388 761 456; x_wconf 69' lang='lat'><strong>80</strong></span> 
     </span>
    </p>
   </div>
   <div class='ocr_carea' id='block_1_2' title="bbox 167 594 1284 2779">
    <p class='ocr_par' dir='ltr' id='par_1_2' title="bbox 192 594 1284 1545">
     <span class='ocr_line' id='line_1_2' title="bbox 245 594 1212 690; baseline 0.007 -28"><span class='ocrx_word' id='word_1_3' title='bbox 245 596 426 687; x_wconf 80' lang='lat' dir='ltr'><strong>impetravit</strong></span> <span class='ocrx_word' id='word_1_4' title='bbox 440 617 458 660; x_wconf 95' lang='lat' dir='ltr'><strong>a</strong></span> <span class='ocrx_word' id='word_1_5' title='bbox 473 596 613 685; x_wconf 89' lang='lat' dir='ltr'><strong>populo,</strong></span> <span class='ocrx_word' id='word_1_6' title='bbox 630 617 732 683; x_wconf 90' lang='lat' dir='ltr'><strong>neque</strong></span> <span class='ocrx_word' id='word_1_7' title='bbox 746 594 780 659; x_wconf 92' lang='lat' dir='ltr'><strong>id</strong></span> <span class='ocrx_word' id='word_1_8' title='bbox 795 597 889 660; x_wconf 81' lang='lat' dir='ltr'><strong>etiam</strong></span> <span class='ocrx_word' id='word_1_9' title='bbox 904 599 939 661; x_wconf 67' lang='lat' dir='ltr'><strong>in¹</strong></span> <span class='ocrx_word' id='word_1_10' title='bbox 953 599 1092 664; x_wconf 88' lang='lat' dir='ltr'><strong>animum</strong></span> <span class='ocrx_word' id='word_1_11' title='bbox 1102 602 1212 690; x_wconf 91' lang='lat' dir='ltr'><strong>potuit</strong></span> 
     </span>
     <span class='ocr_line' id='line_1_3' title="bbox 248 700 1211 794; baseline 0.006 -22"><span class='ocrx_word' id='word_1_12' title='bbox 248 707 413 789; x_wconf 87' lang='lat' dir='ltr'><strong>inducere,</strong></span> <span class='ocrx_word' id='word_1_13' title='bbox 435 722 470 770; x_wconf 90' lang='lat' dir='ltr'><strong>ut</strong></span> <span class='ocrx_word' id='word_1_14' title='bbox 490 705 710 772; x_wconf 90' lang='lat' dir='ltr'><strong>iucundissima</strong></span> <span class='ocrx_word' id='word_1_15' title='bbox 728 705 829 794; x_wconf 89' lang='lat' dir='ltr'><strong>plebis</strong></span> <span class='ocrx_word' id='word_1_16' title='bbox 848 706 1102 794; x_wconf 88' lang='lat' dir='ltr'><strong>oblectamenta,</strong></span> <span class='ocrx_word' id='word_1_17' title='bbox 1125 700 1211 779; x_wconf 80' lang='lat' dir='ltr'><strong>mor·</strong></span> 
     </span>
     <span class='ocr_line' id='line_1_4' title="bbox 247 808 1284 908; baseline 0.004 -26"><span class='ocrx_word' id='word_1_18' title='bbox 247 817 401 907; x_wconf 80' lang='lat' dir='ltr'><strong>ducesque</strong></span> <span class='ocrx_word' id='word_1_19' title='bbox 428 817 559 882; x_wconf 85' lang='lat' dir='ltr'>facetiae</span> <span class='ocrx_word' id='word_1_20' title='bbox 587 816 720 905; x_wconf 86' lang='lat' dir='ltr'><strong>turpiter</strong></span> <span class='ocrx_word' id='word_1_21' title='bbox 749 808 1020 903; x_wconf 68' lang='lat' dir='ltr'><strong>obmutescerem,</strong></span> <span class='ocrx_word' id='word_1_22' title='bbox 1042 843 1105 908; x_wconf 92' lang='lat' dir='ltr'><strong>quo</strong></span> <span class='ocrx_word' id='word_1_23' title='bbox 1133 839 1231 906; x_wconf 18' lang='lat' dir='ltr'><strong>tem-K</strong></span> <span class='ocrx_word' id='word_1_24' title='bbox 1280 822 1284 834; x_wconf 87' lang='grc'><strong>“</strong></span> 
     </span>
     <span class='ocr_line' id='line_1_5' title="bbox 247 927 1211 1020; baseline 0.006 -28"><span class='ocrx_word' id='word_1_25' title='bbox 247 948 326 1017; x_wconf 89' lang='lat' dir='ltr'><strong>pore</strong></span> <span class='ocrx_word' id='word_1_26' title='bbox 345 948 471 992; x_wconf 84' lang='lat' dir='ltr'><strong>summa</strong></span> <span class='ocrx_word' id='word_1_27' title='bbox 491 927 661 992; x_wconf 84' lang='lat' dir='ltr'><strong>auctoritas</strong></span> <span class='ocrx_word' id='word_1_28' title='bbox 682 943 761 991; x_wconf 86' lang='lat' dir='ltr'><strong>esset</strong></span> <span class='ocrx_word' id='word_1_29' title='bbox 779 949 877 1015; x_wconf 89' lang='lat' dir='ltr'><strong>penes</strong></span> <span class='ocrx_word' id='word_1_30' title='bbox 897 928 1069 1018; x_wconf 85' lang='lat' dir='ltr'><strong>populum,</strong></span> <span class='ocrx_word' id='word_1_31' title='bbox 1093 953 1211 1020; x_wconf 89' lang='lat' dir='ltr'><strong>eosque</strong></span> 
     </span>
     <span class='ocr_line' id='line_1_6' title="bbox 245 1037 1211 1130; baseline 0.004 -28"><span class='ocrx_word' id='word_1_32' title='bbox 245 1039 306 1104; x_wconf 86' lang='lat' dir='ltr'><strong>&#39;sibi</strong></span> <span class='ocrx_word' id='word_1_33' title='bbox 332 1037 495 1128; x_wconf 76' lang='lat' dir='ltr'><strong>elegissent</strong></span> <span class='ocrx_word' id='word_1_34' title='bbox 519 1044 687 1123; x_wconf 78' lang='grc' dir='ltr'><strong><em>προςάτας,</em></strong></span> <span class='ocrx_word' id='word_1_35' title='bbox 711 1037 764 1125; x_wconf 94' lang='lat' dir='ltr'><strong>qui</strong></span> <span class='ocrx_word' id='word_1_36' title='bbox 791 1060 810 1102; x_wconf 91' lang='lat' dir='ltr'><strong>e</strong></span> <span class='ocrx_word' id='word_1_37' title='bbox 838 1058 894 1103; x_wconf 91' lang='lat' dir='ltr'><strong>suo</strong></span> <span class='ocrx_word' id='word_1_38' title='bbox 922 1050 1002 1103; x_wconf 90' lang='lat' dir='ltr'><strong>nutu</strong></span> <span class='ocrx_word' id='word_1_39' title='bbox 1025 1041 1107 1104; x_wconf 86' lang='lat' dir='ltr'><strong>anxii</strong></span> <span class='ocrx_word' id='word_1_40' title='bbox 1131 1064 1211 1130; x_wconf 89' lang='lat' dir='ltr'><strong>pen·</strong></span> 
     </span>
     <span class='ocr_line' id='line_1_7' title="bbox 246 1146 1212 1239; baseline 0.004 -26"><span class='ocrx_word' id='word_1_41' title='bbox 246 1147 386 1214; x_wconf 70' lang='lat' dir='ltr'><strong>derent.·&#39;</strong></span> <span class='ocrx_word' id='word_1_42' title='bbox 413 1146 524 1236; x_wconf 87' lang='lat' dir='ltr'><strong>Neque</strong></span> <span class='ocrx_word' id='word_1_43' title='bbox 542 1147 607 1212; x_wconf 89' lang='lat' dir='ltr'><strong>ulla</strong></span> <span class='ocrx_word' id='word_1_44' title='bbox 622 1162 742 1213; x_wconf 87' lang='lat' dir='ltr'><strong>exstant</strong></span> <span class='ocrx_word' id='word_1_45' title='bbox 756 1147 846 1212; x_wconf 90' lang='lat' dir='ltr'><strong>huius</strong></span> <span class='ocrx_word' id='word_1_46' title='bbox 861 1147 938 1238; x_wconf 88' lang='lat' dir='ltr'><strong>legis</strong></span> <span class='ocrx_word' id='word_1_47' title='bbox 953 1149 1100 1239; x_wconf 88' lang='lat' dir='ltr'><strong>vestigia,</strong></span> <span class='ocrx_word' id='word_1_48' title='bbox 1123 1147 1212 1218; x_wconf 86' lang='lat' dir='ltr'><strong>lucu·</strong></span> 
     </span>
     <span class='ocr_line' id='line_1_8' title="bbox 245 1246 1211 1346; baseline 0.003 -23"><span class='ocrx_word' id='word_1_49' title='bbox 245 1258 347 1324; x_wconf 88' lang='lat' dir='ltr'><strong>lenter</strong></span> <span class='ocrx_word' id='word_1_50' title='bbox 373 1273 485 1324; x_wconf 86' lang='lat' dir='ltr'><strong>contra</strong></span> <span class='ocrx_word' id='word_1_51' title='bbox 511 1272 634 1323; x_wconf 90' lang='lat' dir='ltr'><strong>constat</strong></span> <span class='ocrx_word' id='word_1_52' title='bbox 660 1272 698 1322; x_wconf 84' lang='lat' dir='ltr'><strong>ex</strong></span> <span class='ocrx_word' id='word_1_53' title='bbox 721 1257 857 1341; x_wconf 84' lang='lat' dir='ltr'><strong>fabulis,</strong></span> <span class='ocrx_word' id='word_1_54' title='bbox 882 1281 957 1346; x_wconf 88' lang='lat' dir='ltr'><strong>quas</strong></span> <span class='ocrx_word' id='word_1_55' title='bbox 983 1258 1106 1325; x_wconf 85' lang='lat' dir='ltr'><strong>Comici</strong></span> <span class='ocrx_word' id='word_1_56' title='bbox 1132 1246 1211 1326; x_wconf 87' lang='lat' dir='ltr'><strong>mox</strong></span> 
     </span>
     <span class='ocr_line' id='line_1_9' title="bbox 247 1354 1212 1461; baseline 0.006 -29"><span class='ocrx_word' id='word_1_57' title='bbox 247 1354 440 1451; x_wconf 80' lang='lat' dir='ltr'><strong>docuerunt,</strong></span> <span class='ocrx_word' id='word_1_58' title='bbox 464 1374 516 1435; x_wconf 78' lang='grc' dir='ltr'><strong>τοῦ</strong></span> <span class='ocrx_word' id='word_1_59' title='bbox 538 1369 692 1454; x_wconf 71' lang='grc' dir='ltr'><strong>κωμῳδεῖν</strong></span> <span class='ocrx_word' id='word_1_60' title='bbox 712 1369 839 1453; x_wconf 66' lang='lat' dir='ltr'><strong>despect</strong></span> <span class='ocrx_word' id='word_1_61' title='bbox 863 1367 1025 1435; x_wconf 79' lang='lat' dir='ltr'><strong>licentiam</strong></span> <span class='ocrx_word' id='word_1_62' title='bbox 1046 1369 1212 1461; x_wconf 88' lang='lat' dir='ltr'><strong>insigniter</strong></span> 
     </span>
     <span class='ocr_line' id='line_1_10' title="bbox 192 1479 917 1545; baseline -0.001 0"><span class='ocrx_word' id='word_1_63' title='bbox 192 1540 194 1545; x_wconf 83' lang='lat'><em>.</em></span> <span class='ocrx_word' id='word_1_64' title='bbox 246 1479 342 1544; x_wconf 87' lang='lat' dir='ltr'><strong>etiam</strong></span> <span class='ocrx_word' id='word_1_65' title='bbox 359 1479 501 1544; x_wconf 85' lang='lat' dir='ltr'><strong>crevisse.</strong></span> <span class='ocrx_word' id='word_1_66' title='bbox 914 1494 917 1499; x_wconf 82' lang='grc'>’</span> 
     </span>
    </p>

    <p class='ocr_par' dir='ltr' id='par_1_3' title="bbox 167 1585 1265 2779">
     <span class='ocr_line' id='line_1_11' title="bbox 268 1585 1210 1679; baseline 0.003 -27"><span class='ocrx_word' id='word_1_67' title='bbox 268 1609 270 1615; x_wconf 75' lang='grc'><em>’</em></span> <span class='ocrx_word' id='word_1_68' title='bbox 289 1588 413 1675; x_wconf 82' lang='lat' dir='ltr'><strong>Itaque,</strong></span> <span class='ocrx_word' id='word_1_69' title='bbox 436 1603 472 1652; x_wconf 90' lang='lat' dir='ltr'><strong>ut</strong></span> <span class='ocrx_word' id='word_1_70' title='bbox 489 1585 653 1654; x_wconf 84' lang='lat' dir='ltr'><strong>redeamus</strong></span> <span class='ocrx_word' id='word_1_71' title='bbox 669 1585 753 1652; x_wconf 87' lang='lat' dir='ltr'><strong>unde</strong></span> <span class='ocrx_word' id='word_1_72' title='bbox 770 1585 899 1679; x_wconf 83' lang='lat' dir='ltr'><strong>digressi</strong></span> <span class='ocrx_word' id='word_1_73' title='bbox 915 1610 1036 1672; x_wconf 88' lang='lat' dir='ltr'><strong>sumus,</strong></span> <span class='ocrx_word' id='word_1_74' title='bbox 1057 1590 1125 1678; x_wconf 92' lang='lat' dir='ltr'><strong>quis</strong></span> <span class='ocrx_word' id='word_1_75' title='bbox 1141 1614 1210 1656; x_wconf 73' lang='lat' dir='ltr'><strong>cre</strong></span> 
     </span>
     <span class='ocr_line' id='line_1_12' title="bbox 246 1695 1210 1789; baseline 0.004 -27"><span class='ocrx_word' id='word_1_76' title='bbox 246 1695 302 1762; x_wconf 86' lang='lat' dir='ltr'><strong>dat</strong></span> <span class='ocrx_word' id='word_1_77' title='bbox 315 1698 474 1764; x_wconf 83' lang='lat' dir='ltr'><strong>-Ciceroni</strong></span> <span class='ocrx_word' id='word_1_78' title='bbox 499 1713 552 1763; x_wconf 90' lang='lat' dir='ltr'><strong>aut</strong></span> <span class='ocrx_word' id='word_1_79' title='bbox 577 1698 750 1764; x_wconf 86' lang='lat' dir='ltr'><strong>Themistio</strong></span> <span class='ocrx_word' id='word_1_80' title='bbox 763 1698 993 1764; x_wconf 87' lang='lat' dir='ltr'><strong>‘huiuscemodi</strong></span> <span class='ocrx_word' id='word_1_81' title='bbox 1020 1700 1117 1789; x_wconf 82' lang='lat' dir='ltr'><strong>legem</strong></span> <span class='ocrx_word' id='word_1_82' title='bbox 1140 1723 1210 1766; x_wconf 91' lang='lat' dir='ltr'><strong>um·</strong></span> 
     </span>
     <span class='ocr_line' id='line_1_13' title="bbox 245 1808 1209 1896; baseline 0.001 -24"><span class='ocrx_word' id='word_1_83' title='bbox 245 1815 340 1896; x_wconf 89' lang='lat' dir='ltr'><strong>quam</strong></span> <span class='ocrx_word' id='word_1_84' title='bbox 370 1808 539 1890; x_wconf 86' lang='lat' dir='ltr'><strong>exstitisse,</strong></span> <span class='ocrx_word' id='word_1_85' title='bbox 570 1831 650 1895; x_wconf 87' lang='lat' dir='ltr'><strong>quae</strong></span> <span class='ocrx_word' id='word_1_86' title='bbox 679 1823 799 1874; x_wconf 88' lang='lat' dir='ltr'><strong>temere</strong></span> <span class='ocrx_word' id='word_1_87' title='bbox 826 1810 972 1874; x_wconf 89' lang='lat' dir='ltr'><strong>omnibus</strong></span> <span class='ocrx_word' id='word_1_88' title='bbox 999 1808 1209 1877; x_wconf 89' lang='lat' dir='ltr'><strong>maledicendi</strong></span> 
     </span>
     <span class='ocr_line' id='line_1_14' title="bbox 241 1916 1265 2008; baseline 0.001 -25"><span class='ocrx_word' id='word_1_89' title='bbox 241 1918 362 1983; x_wconf 89' lang='lat' dir='ltr'><strong>faceret</strong></span> <span class='ocrx_word' id='word_1_90' title='bbox 384 1932 586 2007; x_wconf 88' lang='lat' dir='ltr'><strong>potestatem.</strong></span> <span class='ocrx_word' id='word_1_91' title='bbox 632 1916 695 1982; x_wconf 89' lang='lat' dir='ltr'><strong>Sed</strong></span> <span class='ocrx_word' id='word_1_92' title='bbox 713 1917 915 1984; x_wconf 82' lang='lat' dir='ltr'><strong>Democratia&#39;</strong></span> <span class='ocrx_word' id='word_1_93' title='bbox 936 1935 969 1984; x_wconf 91' lang='lat' dir='ltr'><strong>et</strong></span> <span class='ocrx_word' id='word_1_94' title='bbox 982 1921 1081 2008; x_wconf 86' lang='lat' dir='ltr'><strong>gratia</strong></span> <span class='ocrx_word' id='word_1_95' title='bbox 1096 1920 1210 2008; x_wconf 90' lang='lat' dir='ltr'><strong>populi</strong></span> <span class='ocrx_word' id='word_1_96' title='bbox 1262 1931 1265 1938; x_wconf 80' lang='grc'><strong>’</strong></span> 
     </span>
     <span class='ocr_line' id='line_1_15' title="bbox 167 2024 1207 2117; baseline 0.003 -26"><span class='ocrx_word' id='word_1_97' title='bbox 167 2082 172 2091; x_wconf 93' lang='grc'><em>,</em></span> <span class='ocrx_word' id='word_1_98' title='bbox 244 2032 355 2116; x_wconf 71' lang='lat' dir='ltr'><strong>poetas</strong></span> <span class='ocrx_word' id='word_1_99' title='bbox 381 2041 414 2091; x_wconf 90' lang='lat' dir='ltr'><strong>et</strong></span> <span class='ocrx_word' id='word_1_100' title='bbox 439 2024 480 2092; x_wconf 86' lang='lat' dir='ltr'><strong>ad</strong></span> <span class='ocrx_word' id='word_1_101' title='bbox 505 2025 713 2112; x_wconf 89' lang='lat' dir='ltr'><strong>cavillandum</strong></span> <span class='ocrx_word' id='word_1_102' title='bbox 739 2029 938 2117; x_wconf 83' lang='lat' dir='ltr'><strong>impellebat,</strong></span> <span class='ocrx_word' id='word_1_103' title='bbox 961 2042 992 2092; x_wconf 89' lang='lat' dir='ltr'><strong>et</strong></span> <span class='ocrx_word' id='word_1_104' title='bbox 1018 2042 1054 2108; x_wconf 85' lang='lat' dir='ltr'><strong>ut</strong></span> <span class='ocrx_word' id='word_1_105' title='bbox 1078 2028 1207 2116; x_wconf 91' lang='lat' dir='ltr'><strong>impune</strong></span> 
     </span>
     <span class='ocr_line' id='line_1_16' title="bbox 242 2134 1206 2204; baseline 0.001 -3"><span class='ocrx_word' id='word_1_106' title='bbox 242 2134 278 2201; x_wconf 91' lang='lat' dir='ltr'><strong>id</strong></span> <span class='ocrx_word' id='word_1_107' title='bbox 292 2136 434 2202; x_wconf 86' lang='lat' dir='ltr'><strong>facerent</strong></span> <span class='ocrx_word' id='word_1_108' title='bbox 450 2136 618 2204; x_wconf 85' lang='lat' dir='ltr'><strong>efficiebat.</strong></span> <span class='ocrx_word' id='word_1_109' title='bbox 649 2137 886 2204; x_wconf 48' lang='lat' dir='ltr'><strong>¹Demo&#39;cratiae</strong></span> <span class='ocrx_word' id='word_1_110' title='bbox 902 2140 939 2203; x_wconf 58' lang='lat' dir='ltr'><strong>et*</strong></span> <span class='ocrx_word' id='word_1_111' title='bbox 948 2134 1141 2202; x_wconf 91' lang='lat' dir='ltr'><strong>Comoediae</strong></span> <span class='ocrx_word' id='word_1_112' title='bbox 1154 2159 1206 2202; x_wconf 87' lang='lat' dir='ltr'><strong>an·</strong></span> 
     </span>
     <span class='ocr_line' id='line_1_17' title="bbox 226 2245 1207 2337; baseline 0 -25"><span class='ocrx_word' id='word_1_113' title='bbox 226 2253 228 2257; x_wconf 80' lang='grc'>’</span> <span class='ocrx_word' id='word_1_114' title='bbox 243 2248 366 2334; x_wconf 89' lang='lat' dir='ltr'><strong>tiquae,</strong></span> <span class='ocrx_word' id='word_1_115' title='bbox 382 2270 461 2336; x_wconf 90' lang='lat' dir='ltr'><strong>quae</strong></span> <span class='ocrx_word' id='word_1_116' title='bbox 477 2269 516 2312; x_wconf 86' lang='lat' dir='ltr'><strong>ex</strong></span> <span class='ocrx_word' id='word_1_117' title='bbox 526 2247 672 2337; x_wconf 91' lang='lat' dir='ltr'><strong>populari</strong></span> <span class='ocrx_word' id='word_1_118' title='bbox 686 2248 815 2314; x_wconf 87' lang='lat' dir='ltr'><strong>licentia</strong></span> <span class='ocrx_word' id='word_1_119' title='bbox 827 2259 903 2314; x_wconf 85' lang='lat' dir='ltr'><strong>nata</strong></span> <span class='ocrx_word' id='word_1_120' title='bbox 913 2245 1006 2314; x_wconf 86' lang='lat' dir='ltr'><strong>simul</strong></span> <span class='ocrx_word' id='word_1_121' title='bbox 1018 2247 1207 2332; x_wconf 82' lang='lat' dir='ltr'><strong>increverat,</strong></span> 
     </span>
     <span class='ocr_line' id='line_1_18' title="bbox 244 2351 1210 2447; baseline 0.004 -25"><span class='ocrx_word' id='word_1_122' title='bbox 244 2356 354 2422; x_wconf 89' lang='lat' dir='ltr'><strong>eadem</strong></span> <span class='ocrx_word' id='word_1_123' title='bbox 371 2380 496 2447; x_wconf 85' lang='lat' dir='ltr'><strong>semper</strong></span> <span class='ocrx_word' id='word_1_124' title='bbox 509 2358 635 2423; x_wconf 85' lang='lat' dir='ltr'><strong>fortuna</strong></span> <span class='ocrx_word' id='word_1_125' title='bbox 649 2357 720 2424; x_wconf 85' lang='lat' dir='ltr'><strong>fuit.</strong></span> <span class='ocrx_word' id='word_1_126' title='bbox 756 2357 830 2439; x_wconf 89' lang='lat' dir='ltr'><strong>Quo</strong></span> <span class='ocrx_word' id='word_1_127' title='bbox 843 2358 1039 2447; x_wconf 85' lang='lat' dir='ltr'><strong>petulantior</strong></span> <span class='ocrx_word' id='word_1_128' title='bbox 1051 2351 1210 2445; x_wconf 72' lang='grc' dir='ltr'><em>προςατῶν</em></span> 
     </span>
     <span class='ocr_line' id='line_1_19' title="bbox 241 2467 1208 2558; baseline -0.007 -21"><span class='ocrx_word' id='word_1_129' title='bbox 241 2476 295 2537; x_wconf 80' lang='grc' dir='ltr'><strong>τοῦ</strong></span> <span class='ocrx_word' id='word_1_130' title='bbox 320 2471 415 2553; x_wconf 77' lang='grc' dir='ltr'><strong><em>δήμου</em></strong></span> <span class='ocrx_word' id='word_1_131' title='bbox 439 2468 537 2534; x_wconf 86' lang='lat' dir='ltr'><strong>fiebat</strong></span> <span class='ocrx_word' id='word_1_132' title='bbox 561 2467 706 2553; x_wconf 86' lang='lat' dir='ltr'><strong>audacia,</strong></span> <span class='ocrx_word' id='word_1_133' title='bbox 728 2492 768 2534; x_wconf 88' lang='lat' dir='ltr'><strong>eo</strong></span> <span class='ocrx_word' id='word_1_134' title='bbox 788 2469 931 2534; x_wconf 88' lang='lat' dir='ltr'><strong>acerbius</strong></span> <span class='ocrx_word' id='word_1_135' title='bbox 951 2475 1066 2558; x_wconf 71' lang='lat' dir='ltr'><strong>poetae</strong></span> <span class='ocrx_word' id='word_1_136' title='bbox 1080 2469 1114 2531; x_wconf 91' lang='lat' dir='ltr'><strong>in</strong></span> <span class='ocrx_word' id='word_1_137' title='bbox 1129 2490 1208 2555; x_wconf 93' lang='lat' dir='ltr'><strong>quos</strong></span> 
     </span>
     <span class='ocr_line' id='line_1_20' title="bbox 168 2578 1210 2667; baseline -0.002 -21"><span class='ocrx_word' id='word_1_138' title='bbox 168 2594 174 2604; x_wconf 82' lang='grc'><em>·</em></span> <span class='ocrx_word' id='word_1_139' title='bbox 242 2581 392 2646; x_wconf 90' lang='lat' dir='ltr'><strong>volebant</strong></span> <span class='ocrx_word' id='word_1_140' title='bbox 408 2579 539 2646; x_wconf 88' lang='lat' dir='ltr'><strong>dicteria</strong></span> <span class='ocrx_word' id='word_1_141' title='bbox 555 2596 587 2645; x_wconf 90' lang='lat' dir='ltr'><strong>et</strong></span> <span class='ocrx_word' id='word_1_142' title='bbox 602 2580 834 2664; x_wconf 86' lang='lat' dir='ltr'><strong>cavillationes,</strong></span> <span class='ocrx_word' id='word_1_143' title='bbox 860 2600 1096 2667; x_wconf 88' lang='lat' dir='ltr'><strong>nonnumquam</strong></span> <span class='ocrx_word' id='word_1_144' title='bbox 1112 2578 1210 2644; x_wconf 88' lang='lat' dir='ltr'><strong>etiam</strong></span> 
     </span>
     <span class='ocr_line' id='line_1_21' title="bbox 241 2689 1211 2779; baseline -0.002 -23"><span class='ocrx_word' id='word_1_145' title='bbox 241 2691 362 2756; x_wconf 82' lang='lat' dir='ltr'><strong>atrocia</strong></span> <span class='ocrx_word' id='word_1_146' title='bbox 377 2691 524 2774; x_wconf 89' lang='lat' dir='ltr'><strong>crimina,</strong></span> <span class='ocrx_word' id='word_1_147' title='bbox 542 2691 814 2778; x_wconf 87' lang='lat' dir='ltr'><strong>contorquebant:</strong></span> <span class='ocrx_word' id='word_1_148' title='bbox 830 2691 960 2756; x_wconf 88' lang='lat' dir='ltr'><strong>minime</strong></span> <span class='ocrx_word' id='word_1_149' title='bbox 970 2689 1064 2754; x_wconf 88' lang='lat' dir='ltr'><strong>etiam</strong></span> <span class='ocrx_word' id='word_1_150' title='bbox 1074 2689 1124 2754; x_wconf 90' lang='lat' dir='ltr'><strong>bis</strong></span> <span class='ocrx_word' id='word_1_151' title='bbox 1134 2690 1211 2779; x_wconf 89' lang='lat' dir='ltr'><strong>ipsis</strong></span> 
     </span>
    </p>
   </div>
   <div class='ocr_carea' id='block_1_3' title="bbox 140 2797 1208 2889">
    <p class='ocr_par' dir='ltr' id='par_1_4' title="bbox 140 2797 1208 2889">
     <span class='ocr_line' id='line_1_22' title="bbox 140 2797 1208 2889; baseline 0.001 -25"><span class='ocrx_word' id='word_1_152' title='bbox 140 2800 142 2802; x_wconf 66' lang='grc'>’</span> <span class='ocrx_word' id='word_1_153' title='bbox 241 2816 425 2889; x_wconf 87' lang='lat' dir='ltr'><strong>parcentes,</strong></span> <span class='ocrx_word' id='word_1_154' title='bbox 447 2801 500 2888; x_wconf 88' lang='lat' dir='ltr'><strong>qui</strong></span> <span class='ocrx_word' id='word_1_155' title='bbox 520 2801 627 2866; x_wconf 91' lang='lat' dir='ltr'><strong>omnia</strong></span> <span class='ocrx_word' id='word_1_156' title='bbox 646 2797 732 2889; x_wconf 89' lang='lat' dir='ltr'><strong>apud</strong></span> <span class='ocrx_word' id='word_1_157' title='bbox 745 2799 899 2888; x_wconf 90' lang='lat' dir='ltr'><strong>populum</strong></span> <span class='ocrx_word' id='word_1_158' title='bbox 912 2801 1068 2868; x_wconf 83' lang='lat' dir='ltr'><strong>valebant.</strong></span> <span class='ocrx_word' id='word_1_159' title='bbox 1102 2800 1208 2865; x_wconf 14' lang='lat' dir='ltr'><strong>,Lice-</strong></span> 
     </span>
    </p>
   </div>
   <div class='ocr_carea' id='block_1_4' title="bbox 157 2906 1299 4109">
    <p class='ocr_par' dir='ltr' id='par_1_5' title="bbox 157 2906 1299 4109">
     <span class='ocr_line' id='line_1_23' title="bbox 176 2906 1212 2999; baseline 0.002 -25"><span class='ocrx_word' id='word_1_160' title='bbox 176 2989 183 2999; x_wconf 37' lang='grc' dir='ltr'><em>Ι</em></span> <span class='ocrx_word' id='word_1_161' title='bbox 243 2908 301 2974; x_wconf 90' lang='lat' dir='ltr'><strong>bat</strong></span> <span class='ocrx_word' id='word_1_162' title='bbox 320 2925 425 2974; x_wconf 90' lang='lat' dir='ltr'><strong>autem</strong></span> <span class='ocrx_word' id='word_1_163' title='bbox 440 2926 508 2974; x_wconf 88' lang='lat' dir='ltr'><strong>turn</strong></span> <span class='ocrx_word' id='word_1_164' title='bbox 522 2910 556 2995; x_wconf 86' lang='lat' dir='ltr'><strong>in</strong></span> <span class='ocrx_word' id='word_1_165' title='bbox 570 2912 661 2993; x_wconf 88' lang='lat' dir='ltr'><strong>istos,</strong></span> <span class='ocrx_word' id='word_1_166' title='bbox 684 2906 771 2998; x_wconf 91' lang='lat' dir='ltr'><strong>quod</strong></span> <span class='ocrx_word' id='word_1_167' title='bbox 786 2907 863 2972; x_wconf 90' lang='lat' dir='ltr'><strong>olim</strong></span> <span class='ocrx_word' id='word_1_168' title='bbox 879 2908 913 2972; x_wconf 91' lang='lat' dir='ltr'><strong>in</strong></span> <span class='ocrx_word' id='word_1_169' title='bbox 928 2911 1096 2998; x_wconf 84' lang='lat' dir='ltr'><strong>optimates</strong></span> <span class='ocrx_word' id='word_1_170' title='bbox 1107 2909 1212 2976; x_wconf 84' lang='lat' dir='ltr'><strong>licue-</strong></span> 
     </span>
     <span class='ocr_line' id='line_1_24' title="bbox 243 3017 1299 3110; baseline -0.003 -26"><span class='ocrx_word' id='word_1_171' title='bbox 243 3033 312 3102; x_wconf 87' lang='lat' dir='ltr'><strong>rat,</strong></span> <span class='ocrx_word' id='word_1_172' title='bbox 335 3035 367 3085; x_wconf 89' lang='lat' dir='ltr'><strong>et</strong></span> <span class='ocrx_word' id='word_1_173' title='bbox 387 3018 494 3110; x_wconf 87' lang='lat' dir='ltr'><strong>plebs,</strong></span> <span class='ocrx_word' id='word_1_174' title='bbox 518 3043 597 3109; x_wconf 91' lang='lat' dir='ltr'><strong>quos</strong></span> <span class='ocrx_word' id='word_1_175' title='bbox 612 3023 679 3110; x_wconf 85' lang='lat' dir='ltr'><strong>ipsa</strong></span> <span class='ocrx_word' id='word_1_176' title='bbox 695 3017 735 3084; x_wconf 83' lang='lat' dir='ltr'><strong>ad</strong></span> <span class='ocrx_word' id='word_1_177' title='bbox 750 3041 904 3085; x_wconf 85' lang='lat' dir='ltr'><strong>summam</strong></span> <span class='ocrx_word' id='word_1_178' title='bbox 917 3023 1095 3108; x_wconf 90' lang='lat' dir='ltr'><strong>potentiam</strong></span> <span class='ocrx_word' id='word_1_179' title='bbox 1108 3020 1208 3109; x_wconf 85' lang='lat' dir='ltr'><strong>gratia</strong></span> <span class='ocrx_word' id='word_1_180' title='bbox 1289 3076 1299 3096; x_wconf 80' lang='grc'>,</span> 
     </span>
     <span class='ocr_line' id='line_1_25' title="bbox 243 3128 1206 3219; baseline 0 -25"><span class='ocrx_word' id='word_1_181' title='bbox 243 3128 330 3219; x_wconf 86' lang='lat' dir='ltr'><strong>apud</strong></span> <span class='ocrx_word' id='word_1_182' title='bbox 345 3154 379 3196; x_wconf 91' lang='lat' dir='ltr'><strong>se</strong></span> <span class='ocrx_word' id='word_1_183' title='bbox 394 3131 562 3215; x_wconf 64' lang='lat' dir='ltr'><strong>cuderet,</strong></span> <span class='ocrx_word' id='word_1_184' title='bbox 587 3130 716 3197; x_wconf 89' lang='lat' dir='ltr'><strong>eosdem</strong></span> <span class='ocrx_word' id='word_1_185' title='bbox 730 3131 943 3196; x_wconf 88' lang='lat' dir='ltr'><strong>lubentissime</strong></span> <span class='ocrx_word' id='word_1_186' title='bbox 957 3131 991 3196; x_wconf 92' lang='lat' dir='ltr'><strong>in</strong></span> <span class='ocrx_word' id='word_1_187' title='bbox 1008 3130 1134 3197; x_wconf 88' lang='lat' dir='ltr'><strong>theatris</strong></span> <span class='ocrx_word' id='word_1_188' title='bbox 1151 3151 1206 3194; x_wconf 91' lang='lat' dir='ltr'><strong>au·</strong></span> 
     </span>
     <span class='ocr_line' id='line_1_26' title="bbox 242 3237 1208 3328; baseline -0.002 -23"><span class='ocrx_word' id='word_1_189' title='bbox 242 3239 350 3308; x_wconf 90' lang='lat' dir='ltr'><strong>diebat</strong></span> <span class='ocrx_word' id='word_1_190' title='bbox 370 3241 508 3307; x_wconf 89' lang='lat' dir='ltr'><strong>ludibrio</strong></span> <span class='ocrx_word' id='word_1_191' title='bbox 533 3243 655 3309; x_wconf 87' lang='lat' dir='ltr'><strong>haberi.</strong></span> <span class='ocrx_word' id='word_1_192' title='bbox 702 3242 798 3307; x_wconf 85' lang='lat' dir='ltr'><strong>Nam·</strong></span> <span class='ocrx_word' id='word_1_193' title='bbox 811 3240 984 3308; x_wconf 88' lang='lat' dir='ltr'><strong>accedebat</strong></span> <span class='ocrx_word' id='word_1_194' title='bbox 1008 3237 1093 3305; x_wconf 93' lang='lat' dir='ltr'><strong>aliud</strong></span> <span class='ocrx_word' id='word_1_195' title='bbox 1113 3238 1208 3328; x_wconf 93' lang='lat' dir='ltr'><strong>quid,</strong></span> 
     </span>
     <span class='ocr_line' id='line_1_27' title="bbox 243 3331 1211 3442; baseline -0.003 -25"><span class='ocrx_word' id='word_1_196' title='bbox 243 3351 330 3440; x_wconf 93' lang='lat' dir='ltr'><strong>quod</strong></span> <span class='ocrx_word' id='word_1_197' title='bbox 351 3331 442 3417; x_wconf 87' lang='lat' dir='ltr'><strong>simul</strong></span> <span class='ocrx_word' id='word_1_198' title='bbox 463 3359 573 3442; x_wconf 73' lang='lat' dir='ltr'><strong>poetas</strong></span> <span class='ocrx_word' id='word_1_199' title='bbox 593 3348 746 3416; x_wconf 89' lang='lat' dir='ltr'><strong>reddebat</strong></span> <span class='ocrx_word' id='word_1_200' title='bbox 762 3348 962 3433; x_wconf 90' lang='lat' dir='ltr'><strong>audaciores,</strong></span> <span class='ocrx_word' id='word_1_201' title='bbox 986 3365 1019 3414; x_wconf 91' lang='lat' dir='ltr'><strong>et</strong></span> <span class='ocrx_word' id='word_1_202' title='bbox 1033 3349 1161 3438; x_wconf 88' lang='lat' dir='ltr'><strong>plebem</strong></span> <span class='ocrx_word' id='word_1_203' title='bbox 1175 3348 1211 3414; x_wconf 90' lang='lat' dir='ltr'><strong>in</strong></span> 
     </span>
     <span class='ocr_line' id='line_1_28' title="bbox 243 3458 1211 3552; baseline -0.001 -27"><span class='ocrx_word' id='word_1_204' title='bbox 243 3463 331 3526; x_wconf 90' lang='lat' dir='ltr'><strong>omni</strong></span> <span class='ocrx_word' id='word_1_205' title='bbox 350 3463 496 3528; x_wconf 89' lang='lat' dir='ltr'><strong>iocorum</strong></span> <span class='ocrx_word' id='word_1_206' title='bbox 516 3484 631 3552; x_wconf 83' lang='lat' dir='ltr'><strong>genere</strong></span> <span class='ocrx_word' id='word_1_207' title='bbox 647 3459 836 3550; x_wconf 86' lang='lat' dir='ltr'><strong>perferendo</strong></span> <span class='ocrx_word' id='word_1_208' title='bbox 850 3459 1037 3525; x_wconf 83' lang='lat' dir='ltr'><strong>faciliorem.</strong></span> <span class='ocrx_word' id='word_1_209' title='bbox 1084 3458 1211 3548; x_wconf 90' lang='lat' dir='ltr'><strong>Nempe</strong></span> 
     </span>
     <span class='ocr_line' id='line_1_29' title="bbox 242 3568 1210 3660; baseline 0.001 -26"><span class='ocrx_word' id='word_1_210' title='bbox 242 3587 315 3660; x_wconf 92' lang='lat' dir='ltr'><strong>post</strong></span> <span class='ocrx_word' id='word_1_211' title='bbox 337 3589 473 3639; x_wconf 86' lang='lat' dir='ltr'><strong>mortem</strong></span> <span class='ocrx_word' id='word_1_212' title='bbox 496 3573 627 3638; x_wconf 87' lang='lat' dir='ltr'><strong>Periclis</strong></span> <span class='ocrx_word' id='word_1_213' title='bbox 650 3571 910 3659; x_wconf 90' lang='lat' dir='ltr'><strong>nequissimorum</strong></span> <span class='ocrx_word' id='word_1_214' title='bbox 929 3568 1093 3634; x_wconf 88' lang='lat' dir='ltr'><strong>hominum</strong></span> <span class='ocrx_word' id='word_1_215' title='bbox 1113 3571 1210 3635; x_wconf 87' lang='lat' dir='ltr'><strong>turba</strong></span> 
     </span>
     <span class='ocr_line' id='line_1_30' title="bbox 242 3667 1208 3773; baseline -0.003 -28"><span class='ocrx_word' id='word_1_216' title='bbox 242 3684 410 3766; x_wconf 83' lang='lat' dir='ltr'><strong>succrevit,</strong></span> <span class='ocrx_word' id='word_1_217' title='bbox 426 3685 479 3771; x_wconf 89' lang='lat' dir='ltr'><strong>qni</strong></span> <span class='ocrx_word' id='word_1_218' title='bbox 493 3681 688 3773; x_wconf 87' lang='lat' dir='ltr'><strong>impudentia</strong></span> <span class='ocrx_word' id='word_1_219' title='bbox 700 3697 734 3746; x_wconf 90' lang='lat' dir='ltr'><strong>et</strong></span> <span class='ocrx_word' id='word_1_220' title='bbox 745 3667 964 3746; x_wconf 88' lang='lat' dir='ltr'><strong>malisartibus</strong></span> <span class='ocrx_word' id='word_1_221' title='bbox 978 3679 1208 3768; x_wconf 72' lang='lat' dir='ltr'><strong>rempublicam</strong></span> 
     </span>
     <span class='ocr_line' id='line_1_31' title="bbox 242 3788 1208 3883; baseline -0.002 -28"><span class='ocrx_word' id='word_1_222' title='bbox 242 3791 357 3856; x_wconf 88' lang='lat' dir='ltr'><strong>misere</strong></span> <span class='ocrx_word' id='word_1_223' title='bbox 378 3793 593 3883; x_wconf 83' lang='lat' dir='ltr'><strong>perturbatam</strong></span> <span class='ocrx_word' id='word_1_224' title='bbox 616 3793 711 3858; x_wconf 88' lang='lat' dir='ltr'><strong>etiam</strong></span> <span class='ocrx_word' id='word_1_225' title='bbox 725 3793 824 3882; x_wconf 86' lang='lat' dir='ltr'><strong>magis</strong></span> <span class='ocrx_word' id='word_1_226' title='bbox 838 3791 1081 3857; x_wconf 80' lang='lat' dir='ltr'><strong>labefactabant.</strong></span> <span class='ocrx_word' id='word_1_227' title='bbox 1127 3788 1208 3853; x_wconf 90' lang='lat' dir='ltr'><strong>Ora·</strong></span> 
     </span>
     <span class='ocr_line' id='line_1_32' title="bbox 157 3898 1208 3993; baseline -0.005 -27"><span class='ocrx_word' id='word_1_228' title='bbox 157 3925 159 3929; x_wconf 48' lang='lat'><strong>¹</strong></span> <span class='ocrx_word' id='word_1_229' title='bbox 242 3916 328 3966; x_wconf 80' lang='lat' dir='ltr'><strong>tores</strong></span> <span class='ocrx_word' id='word_1_230' title='bbox 349 3901 520 3993; x_wconf 84' lang='lat' dir='ltr'><strong>prodibant</strong></span> <span class='ocrx_word' id='word_1_231' title='bbox 544 3918 576 3966; x_wconf 89' lang='lat' dir='ltr'><strong>et</strong></span> <span class='ocrx_word' id='word_1_232' title='bbox 591 3903 782 3993; x_wconf 87' lang='lat' dir='ltr'><strong>Demagogi,</strong></span> <span class='ocrx_word' id='word_1_233' title='bbox 806 3903 860 3990; x_wconf 90' lang='lat' dir='ltr'><strong>qui</strong></span> <span class='ocrx_word' id='word_1_234' title='bbox 875 3902 997 3990; x_wconf 88' lang='lat' dir='ltr'><strong>quidvis</strong></span> <span class='ocrx_word' id='word_1_235' title='bbox 1011 3898 1096 3989; x_wconf 89' lang='lat' dir='ltr'><strong>plebi</strong></span> <span class='ocrx_word' id='word_1_236' title='bbox 1110 3899 1208 3988; x_wconf 89' lang='lat' dir='ltr'><strong>grati·</strong></span> 
     </span>
     <span class='ocr_line' id='line_1_33' title="bbox 242 4009 1211 4109; baseline -0.002 -33"><span class='ocrx_word' id='word_1_237' title='bbox 242 4009 428 4097; x_wconf 85' lang='lat' dir='ltr'><strong>ficabantur,</strong></span> <span class='ocrx_word' id='word_1_238' title='bbox 435 4028 491 4099; x_wconf 80' lang='lat' dir='ltr'><strong>aut</strong></span> <span class='ocrx_word' id='word_1_239' title='bbox 501 4010 728 4079; x_wconf 84' lang='lat' dir='ltr'><strong>adolescentuli</strong></span> <span class='ocrx_word' id='word_1_240' title='bbox 738 4012 873 4096; x_wconf 88' lang='lat' dir='ltr'><strong>nobiles,</strong></span> <span class='ocrx_word' id='word_1_241' title='bbox 887 4010 1050 4109; x_wconf 79' lang='lat' dir='ltr'><strong>utfamam</strong></span> <span class='ocrx_word' id='word_1_242' title='bbox 1059 4023 1094 4075; x_wconf 87' lang='lat' dir='ltr'><strong>et</strong></span> <span class='ocrx_word' id='word_1_243' title='bbox 1102 4023 1211 4075; x_wconf 89' lang='lat' dir='ltr'><strong>aucto·</strong></span> 
     </span>
    </p>
   </div>
   <div class='ocr_carea' id='block_1_5' title="bbox 0 0 1314 4934">
    <p class='ocr_par' dir='ltr' id='par_1_6' title="bbox 0 0 1314 4934">
     <span class='ocr_line' id='line_1_34' title="bbox 0 0 1314 4934; baseline 0 0"><span class='ocrx_word' id='word_1_244' title='bbox 0 0 1314 4934; x_wconf 95' lang='lat' dir='ltr'><strong> </strong></span> 
     </span>
    </p>
   </div>
  </div>
 </body>
</html>
