2618 4934
162 550 353 634 ostendunt,
380 572 460 640 quae
473 551 556 617 furta
572 553 606 616 iu
620 552 703 617 hanc
719 565 853 619 aetatem
870 554 984 622 cadere
999 560 1130 646 possint·

160 661 308 727 Vidimus
319 685 413 752 supra
424 687 458 753 p.
473 660 522 728 15.
535 662 703 751 Lysippum
717 663 841 728 aemulo
853 671 968 753 poetae
981 667 1130 733 obiicien-

162 787 239 854 tem,
257 773 344 860 quod
355 774 514 863 ingeniosa
528 772 660 837 aliorum
672 773 799 837 inventa
812 777 971 840 ornaverit
980 792 1132 867 etperpo·

162 881 283 946 liverit:
310 883 452 946 Cratinus
467 884 668 970 exprobravit
682 883 903 970 Aristophani,
924 885 1010 973 quod
1024 886 1133 952 vendi·

163 1006 258 1056 tasset
279 1015 339 1081 pro
367 993 447 1075 suis,
479 1015 560 1079 quae
585 990 756 1080 scripsisset
777 993 924 1080 Eupolis:
954 995 1062 1062 Schol.
1092 994 1134 1061 ad

162 1103 258 1166 Arist.
286 1103 409 1191 Equitt.
438 1100 514 1168 528.
549 1107 569 1168 ὁ
591 1111 742 1190 Κρατῖνος
767 1139 810 1155 -
836 1109 937 1180 κακῶς
970 1105 1050 1185 λέγει
1078 1109 1133 1173 τὸν

163 1213 397 1299 Ἀριςοφάνην,
417 1218 459 1289 ὥς
475 1218 514 1280 τὰ
531 1216 701 1290 Εὐπόλιδος
718 1214 856 1296 λέγοντα.
902 1216 1009 1304 Ipsum
1026 1215 1133 1304 Eupo·

162 1323 260 1388 lidem
276 1347 315 1389 eo
336 1323 460 1414 redegit
474 1325 611 1407 invidia,
637 1341 672 1389 ut
688 1349 754 1390 non
769 1327 929 1391 erubuerit
943 1328 1083 1392 scribere
1097 1328 1131 1390 in

163 1434 338 1522 Baptarum
360 1435 526 1517 Parabasi,

605 1545 745 1606 κάκείνους
761 1545 825 1605 τοῦς
841 1546 958 1604 Ἱππέας

288 1634 467 1702 Συνιστοίησα
484 1634 523 1702 τῷ
539 1634 670 1706 φαλακρῷ
687 1636 776 1703 τούτῳ
794 1635 999 1705 κάδαρησάμην.

162 1769 244 1860 (vid.
270 1770 391 1835 scholia
416 1769 457 1835 ad
483 1771 569 1838 Nub.
596 1771 659 1851 540
683 1787 716 1837 et
733 1769 796 1838 552
815 1769 982 1836 emendata
998 1771 1038 1834 ab
1054 1768 1135 1833 Her·

163 1877 317 1968 manno),
351 1880 422 1967 quia
452 1880 573 1947 scilicet
608 1883 725 1971 scripta
757 1881 911 1970 particula
942 1880 1134 1945 Parabaseos

165 1997 310 2081 poetam,
335 2006 490 2079 quo-tuno
509 1993 612 2057 amico
629 1994 793 2074 utebatur,
810 1989 990 2072 adiuverat3
1018 1989 1058 2054 de
1074 2012 1137 2077 qua

163 2123 198 2166 rc
221 2098 295 2164 vide
315 2117 462 2167 accurate
482 2099 692 2191 disputantem
713 2100 921 2165 Fritaschium
938 2102 972 2165 in
991 2100 1134 2187 Quaestt.

166 2212 265 2275 Arist.
281 2233 354 2298 pag.
373 2211 449 2276 228.
465 2232 533 2299 sqq.
552 2228 585 2275 et
599 2210 794 2275 Meinelrium
809 2213 940 2296 Fragor.
959 2211 1045 2275 Com.
1063 2231 1136 2299 pag.

167 2318 241 2408 577.
264 2341 335 2407 sqq.
382 2319 572 2410 Hermippus
594 2319 810 2404 Phrynichum
830 2320 943 2399 irrisit,
965 2320 1018 2402 qui
1035 2319 1139 2386 aliena

165 2432 306 2496 carmina
315 2452 375 2518 pro
385 2431 448 2494 suis
460 2429 625 2495 docuerat.
644 2425 753 2488 Schol.
764 2422 805 2486 ad
812 2425 908 2485 Arist.
918 2427 1136 2512 Aoerrsqio.

166 2546 333 2627 φρηοςχος,
357 2541 550 2622 Mamuda,
579 2519 621 2599 cri.
635 2533 787 2616 μέμνηται
808 2532 983 2616 Ἕρμιππος
1006 2535 1040 2599 ἐν
1062 2540 1140 2620 Φορ-

168 2656 326 2737 μοφόροις,
357 2656 400 2726 ὠς
420 2647 565 2732 ἀλλότριοι
585 2643 836 2734 ὑποβαλλομένοο
859 2651 1024 2728 ποιήματα·
1051 2642 1143 2710 etde

169 2759 283 2825 eodem
300 2759 341 2824 ad
356 2763 464 2825 Ranae
478 2780 522 2822 rs.
544 2756 594 2823 13.
619 2757 819 2842 Κωμφδεῖται
840 2790 884 2804 -
908 2760 959 2822 ἐπὶ
976 2756 1143 2841 φαυλότητι
1221 2842 1229 2859 ἦ

175 2877 351 2956 ποιημάτων
379 2872 433 2936 κοιλ
460 2873 501 2946 ὥς
528 2869 675 2956 α’λλότρια
702 2869 799 2948 λέγων
828 2871 881 2935 καλ
902 2871 944 2944 ὥς
965 2875 1143 2957 κακόμετριι.

215 2980 280 3046 Sed
296 2981 437 3046 omnium
450 2979 604 3045 acerrime
617 2980 843 3067 Aristophanes
858 2980 893 3045 in
908 2980 1053 3068 aequales
1067 2987 1143 3068 posi·

172 3110 219 3158 tas
233 3092 317 3158 istud
334 3093 543 3182 opprobrium
561 3090 715 3174 coniecit,
734 3100 766 3155 et
783 3111 863 3177 quae
877 3106 1063 3181 argumenta
1076 3091 1144 3180 ipse
1164 3124 1170 3133 =

172 3228 243 3268 cum
255 3204 375 3294 ingenti
398 3203 541 3268 omnium
555 3201 666 3290 plausu
680 3200 801 3289 primus
816 3199 1014 3288 protulisset,
1038 3221 1075 3264 ea
1091 3221 1141 3263 re·
1256 3270 1258 3277 s

171 3315 273 3401 liquos
289 3314 433 3379 certatim
455 3328 488 3378 et
511 3310 552 3377 ad
574 3313 750 3377 satietatem
775 3333 841 3375 esse
855 3311 1010 3394 imitatos,
1027 3310 1140 3375 acerbe

172 3423 296 3510 scripsit
317 3425 350 3486 in
373 3423 411 3487 iis
433 3423 591 3503 versibus,
616 3445 694 3510 quos
715 3418 837 3485 addidit
857 3418 1020 3500 Nubibus,
1046 3442 1141 3505 quum

173 3530 347 3620 perpolitus
360 3529 460 3596 edidit
473 3533 508 3596 in
521 3530 643 3616 lucem,
666 3554 712 3595 vs.
732 3528 805 3593 553.
821 3551 889 3617 sqq.

217 3697 342 3756 Εὔπολις
358 3699 407 3762 μὲν
425 3702 472 3753 τὸν
489 3700 617 3772 Μαρικᾶν
634 3700 768 3771 πρὼτιςον
785 3697 970 3768 παρείλκυσεν

219 3788 376 3860 ’Entellus
392 3790 457 3848 τοὺς
473 3792 621 3863 ἡμετέρους
637 3790 753 3848 Ἱππέας
770 3789 851 3846 κακὸς
868 3786 963 3845 κακῶς.

217 3880 363 3951 Προσθιὶς
380 3879 456 3948 αὐτῷ
472 3883 559 3951 γραῦν
575 3880 721 3949 μεθύσην,
738 3881 789 3930 τοῦ
807 3879 943 3951 κόρδακος
960 3876 1062 3946 οὕνεχ’,
1080 3877 1114 3940 ἣν

219 3971 358 4041 Φρύνιχος
373 3971 459 4026 πάλαι
476 3974 617 4042 πεποίηχ’,
636 3972 670 4036 ἢν
686 3972 719 4023 τὸ
737 3975 817 4038 κῆτος
834 3970 944 4036 ἤσθιεν.

975 4081 996 4140 9
