2618 4934
511 398 572 464 tta

179 605 276 670 Ζῆθον
293 605 343 667 μὲν
358 599 477 654 ἐλθόνθ’
495 602 580 669 ἁγνὸν
597 605 625 662 ἐς
641 593 736 672 Θήβης
752 603 839 657 reddor

159 716 162 720 ’
179 695 274 746 Olario
292 684 410 746 κολούει·
428 694 477 744 καὶ
493 695 545 764 γὰρ
561 694 719 763 ἀξιωτέρους

176 783 339 847 Πυλοῦσιν,
358 783 391 843 ὥς
407 784 497 848 ἔοικε,
515 783 580 842 τοὺς
597 782 697 852 ἄρτους
712 785 787 850 ἐκεῖ,

176 875 221 924 lt
239 875 268 925 δ’
288 873 434 932 ὀξύπεινος·
451 875 500 926 τὸν
519 874 552 925 δὲ
571 873 775 937 μουσικώτατον

178 965 295 1022 Κλεινάς
310 960 439 1031 Ἀθήνας
455 967 572 1034 ἐκπερᾷν
588 961 749 1031 Ἀμφίονα,

56 1056 60 1068 ³
178 1040 217 1107 oi
234 1055 290 1123 (ᾖς’
307 1055 353 1105 dal
370 1054 480 1105 πεινόσι
496 1055 677 1125 Κεκροπιδῶν
696 1055 788 1126 κόροι,

176 1140 340 1203 Κάνττοντος
356 1142 459 1213 αὔρας,
477 1143 593 1202 ἐλπίδας
610 1144 775 1207 σιτούμενοι,

54 1300 109 1368 uhi
134 1303 241 1367 nescio
265 1268 334 1389 quis
354 1300 480 1375 nuntius
495 1299 534 1364 ad
550 1301 681 1366 Zethum
696 1318 729 1367 et
743 1304 955 1396 Amphionem
970 1309 1023 1374 10³

53 1413 123 1497 vis,
146 1410 192 1477 uti
216 1411 356 1493 videtur,
379 1406 526 1475 mandata
546 1409 676 1498 perfert.
722 1410 810 1479 Idem
829 1415 863 1480 in
884 1415 1020 1509 Εὐρώπῃ

54 1518 177 1588 inducit
198 1521 334 1610 aliquem
356 1518 582 1585 sicCadmum
605 1518 834 1609 alloquentem:

451 1675 531 1742 κτίζε
548 1673 674 1724 nomer
691 1672 785 1738 πόλιν,

260 1763 386 1834 Ἀνδρῶν
403 1763 499 1834 (ipisus
515 1764 622 1829 ἐσθίειν
639 1764 679 1815 δι’
695 1763 807 1834 ἡμέρας.

52 1909 170 1973 Athen.
187 1906 230 1974 X.
252 1928 324 1994 pag.
346 1910 422 1992 417.
448 1906 484 1971 C.
507 1904 579 1969 vide
595 1905 714 1970 ibidem
728 1909 831 1974 simile
846 1910 967 1979 dictum
982 1930 1023 1982 ci

56 2016 195 2084 eiusdem
209 2016 383 2101 Ἀντιόπῃ,
399 2028 433 2079 et
448 2013 510 2079 alia
524 2014 659 2103 plurima
673 2015 812 2082 indicata
828 2041 847 2082 a
862 2018 1024 2091 Meinekio

53 2130 98 2195 H.
113 2127 147 2192 C.
163 2125 198 2192 C.
213 2148 285 2216 pag.
304 2123 380 2190 283.
397 2144 468 2212 sqq.
507 2125 664 2214 Imprimis
680 2125 828 2214 frequens
842 2145 911 2196 erat
924 2132 960 2197 in
973 2134 1023 2200 his

53 2236 133 2303 iocis
154 2246 290 2326 persona
305 2232 467 2316 Herculis,
480 2233 615 2299 multum
630 2234 707 2299 olim
724 2237 893 2307 celebrata.
924 2241 1023 2309 Pluri-

56 2367 180 2412 marum
195 2343 369 2410 fabularum
382 2357 547 2430 supersunt
562 2342 727 2428 reliquiae,
742 2344 775 2407 in
788 2348 900 2430 quihus
915 2350 1024 2420 iocosa

57 2455 178 2522 voracis
198 2452 250 2518 dei
273 2451 337 2518 iata
367 2452 401 2516 in
432 2471 527 2514 scena
555 2449 743 2538 agebantur,
768 2473 844 2536 quas
875 2454 1023 2544 colligere

56 2589 123 2631 non
148 2564 276 2628 attinet:
300 2561 417 2627 sullieit
439 2559 619 2648 apposuisse
643 2557 765 2622 dictum
787 2559 946 2627 Cleanthis
968 2588 1021 2657 ap.

56 2676 152 2764 Diog.
177 2674 280 2741 Laert.
298 2672 370 2738 VH.
389 2669 419 2738 5.
442 2692 507 2757 quo
521 2668 620 2734 laesus
637 2667 774 2734 Sosithei
789 2670 912 2738 Comici
926 2679 1022 2744 versi.

32 2803 35 2809 ’
59 2784 153 2866 culo,
183 2783 424 2849 satisfacientem
461 2777 599 2845 dimisitt
629 2785 747 2849 ἄτοποι
769 2778 873 2864 siras.
891 2791 944 2856 τὸν
966 2794 1025 2874 μέν

47 2900 205 2966 ’Διόνυσον
235 2897 287 2961 καὶ
316 2897 371 2962 τὸν
400 2891 557 2978 Ἡρακλέα
590 2891 834 2978 glomerationes
867 2901 927 2966 ὑπὸ
959 2908 1022 2975 τῶν

56 3011 193 3090 ποιητῶν
222 3008 262 3088 μὴ
284 3004 474 3089 ὀργίζεσθαι,
497 3003 643 3070 αὑτὸνδὲ
668 3006 719 3070 tut
737 3014 776 3092 τῇ
796 3017 923 3100 τυχούσῃ
944 3014 1024 3101 pla.

55 3119 170 3204 σφημίᾳ
188 3116 401 3204 δυσχεραίνειν.
445 3112 648 3178 Praeiverant
667 3114 701 3177 in
718 3114 766 3179 his
781 3121 927 3187 omnihus
941 3125 1022 3188 anti-

56 3232 197 3317 quiores:
213 3226 439 3314 Aristophanes
454 3245 692 3311 nonnumquam
707 3224 753 3289 sic
768 3224 900 3296 luserat:
925 3234 1020 3300 etiam

57 3338 144 3427 prius
167 3337 357 3424 Hermippus
375 3335 409 3399 in
424 3333 597 3417 Κέρκωψιν.
642 3331 770 3424 Saepius
787 3335 877 3404 Plato
893 3343 927 3404 in
941 3343 1021 3408 eius·

58 3444 148 3512 modi
171 3444 290 3510 facetiis
307 3460 488 3512 exercuerat
507 3443 687 3533 ingenium:
712 3444 846 3510 vidimus
860 3448 900 3514 de
913 3450 1020 3520 fabula

59 3559 114 3626 Ast
133 3557 338 3640 Κακουμένῳ,
359 3557 393 3620 in
411 3577 473 3642 qua
488 3577 620 3644 magnae
636 3568 725 3618 erant
740 3555 884 3620 Herculis
897 3578 1019 3647 partes:

56 3671 172 3735 iterum
181 3668 215 3731 in
229 3668 393 3753 Ξαντρίοιιο
405 3672 425 3750 ἤ
435 3667 597 3752 Κέρκωψι,
613 3663 666 3752 (de
681 3664 792 3751 quihus
806 3665 949 3737 Herculis
965 3696 1018 3741 co.

57 3778 187 3845 mitibus
202 3775 274 3842 vide
286 3779 431 3843 eximiam
445 3775 686 3866 disputationem
699 3774 848 3840 Lobeclrii
862 3779 1019 3872 Aglaoph,

59 3913 131 3980 pag.
155 3888 248 3976 1296.
265 3887 349 3975 sqq.)
372 3887 596 3951 carminantem
611 3883 696 3972 apud
710 3884 901 3975 Omphalen,
916 3893 963 3956 uti
977 3896 1019 3960 vi.

61 3999 170 4082 detur,
194 3997 288 4067 deum
310 3995 491 4064 induxerat:
517 3994 630 4062 deinde
650 3996 712 4062 huc
727 3997 863 4086 pertinet
879 4001 1018 4071 eiusdem
