2618 4934
724 374 784 440 lto

276 594 311 649 ut
335 579 486 660 arbitrem
510 579 726 666 repetiverunt
753 576 794 643 ub
820 575 881 640 illis
907 578 1121 666 temporibus,
1147 603 1244 667 quum

275 689 377 753 fincta
390 703 423 755 et
437 686 626 775 labefactata
640 685 783 775 potentia
797 685 929 774 populi,
953 710 1014 775 qua
1030 689 1159 776 antiqua
1180 691 1244 754 Co-

277 795 404 863 moedia
418 796 588 878 nitebatur,
597 795 716 858 Poetae
728 793 782 858 illa
795 809 995 882 argumenta,
1007 819 1087 882 quae
1099 796 1245 882 diximus,

275 908 410 974 multum
425 907 587 972 celebrare
603 918 790 992 coeperunt.
830 902 1034 969 Recentiores
1053 908 1164 974 Critici
1178 909 1244 974 fere

278 1019 382 1085 multo
397 1018 494 1082 serius
512 1016 636 1081 initium
652 1014 780 1078 Mediae
798 1028 938 1100 ponunt,
962 1015 996 1078 in
1010 1015 1059 1079 his
1073 1016 1248 1084 Meinelrius

278 1130 334 1218 qui
353 1130 394 1194 ab
416 1127 546 1215 Olymp.
569 1123 684 1189 XCVI.
706 1121 862 1210 usquead
879 1123 953 1206 CX,
972 1123 1004 1191 3.
1021 1126 1044 1190 i.
1063 1149 1093 1190 e.
1112 1127 1152 1190 ad
1169 1152 1248 1220 pug-

279 1263 355 1306 nam
369 1239 622 1307 Chaeronensem
636 1233 796 1324 pertinere
807 1234 916 1298 statuit
929 1234 963 1298 in
972 1237 1057 1302 Hist.
1070 1237 1145 1304 Cn‘t.
1161 1239 1247 1310 Com.

277 1375 312 1442 p.
331 1373 407 1438 271.
454 1345 518 1412 Sed
532 1361 651 1434 quanto
666 1346 775 1434 potior
788 1345 829 1409 sit
844 1343 1130 1416 Grammaticorum
1144 1350 1245 1434 ratio,

279 1461 334 1551 qui
348 1458 526 1526 maluerunt
545 1471 728 1548 argumenta
741 1453 919 1523 fabularum
937 1477 1030 1542 quam
1050 1472 1184 1523 aetatem
1199 1482 1247 1524 se·

279 1572 349 1662 qui,
364 1593 429 1638 non
446 1590 524 1658 opus
541 1583 588 1632 est
600 1566 705 1631 multis
721 1554 898 1630 ostendere.
930 1565 1046 1656 Negari
1062 1590 1127 1632 non
1142 1581 1249 1658 potest

279 1683 448 1780 plerosque
464 1685 592 1770 poetes,
608 1699 668 1769 per
686 1697 764 1767 quos
780 1675 918 1764 Antiqua
933 1675 1106 1742 Comoedia
1123 1677 1247 1764 flomit,

279 1792 441 1860 eavidisse
457 1806 619 1878 tempora,
634 1788 746 1874 quibus
762 1786 803 1850 ad
821 1785 906 1850 aliud
923 1804 1178 1877 argumentorum
1193 1814 1245 1881 ge·

200 1961 203 1967 .
279 1902 526 1989 nus'bonfugere
541 1910 731 1984 cogerentur
745 1910 840 1980 atque
854 1896 930 1958 hinc
952 1913 1059 1961 natam
1075 1921 1140 1963 esse
1164 1900 1249 1970 illem

277 1992 506 2086 Comstiam,
529 2025 640 2090 quam,
667 2024 762 2087 quum
779 2024 845 2066 uon
861 2015 940 2067 esset
956 2003 1090 2089 amplius
1106 2011 1250 2095 antique,

277 2113 450 2184 rectissime
472 2110 608 2176 mediam
627 2108 691 2174 dici
712 2125 855 2199 apparet.
898 2110 940 2174 Et
954 2109 1069 2197 ,quidni
1084 2112 1247 2183 Gramma.

277 2229 416 2292 ticorum
456 2220 636 2286 auctoritati
670 2241 851 2308 pareamus,
889 2243 985 2309 quum
1024 2222 1155 2289 dimidia
1180 2227 1249 2294 fere

280 2358 353 2428 pers
382 2331 580 2414 fabularum,
617 2350 692 2417 quas
717 2327 886 2394 Platonem
916 2331 1074 2419 scripsisse
1110 2352 1249 2422 constat,

279 2443 467 2540 pertinuerit
482 2438 521 2506 ad
537 2437 616 2504 illud
643 2460 761 2530 genus,
783 2439 876 2530 quale
901 2441 1029 2512 Mediae
1055 2444 1248 2513 Comoedias

279 2556 445 2649 proprium
478 2550 563 2618 luit:
594 2549 681 2641 quod
703 2550 807 2640 ipsum
828 2549 1021 2617 Meiuelsium
1045 2577 1111 2619 non
1138 2556 1249 2624 fefellit

171 2673 173 2677 ’
280 2689 354 2757 pag.
369 2664 443 2742 284.
459 2660 540 2726 Sunt
554 2676 659 2726 eutem
674 2658 1062 2750 hae:''Ademe,1⁷pomg‚
1080 2670 1248 2754 Δαίδαλος,

281 2777 436 2860 Εὐρώπη,
466 2774 543 2846 Ζεύς
573 2775 789 2873 discederetur,
821 2770 894 2855 Ἰὼ,
924 2782 1039 2859 Λάϊος,
1063 2774 1247 2863 Meritone,

281 2886 355 2962 Νύξ
386 2885 523 2968 Menesi,
556 2879 707 2964 Ξάντριαι
733 2887 755 2966 ἠ
779 2881 957 2968 Κέρκωπες,
985 2891 1089 2971 Φάων,
1113 2912 1245 2975 quarum
1269 2920 1274 2936 ¹

281 2996 445 3088 plerasque
463 3013 537 3058 eum
549 2987 694 3054 docuisse
708 2989 859 3058 credibile
872 3008 920 3058 est
929 2995 1012 3061 iuter
1024 2997 1153 3088 Olymp.
1164 3000 1247 3068 XCI.

284 3121 317 3172 et
342 3100 471 3203 ⁸XCVII.
500 3098 666 3164 nonnullas
687 3114 792 3165 autem
808 3097 863 3165 diu
884 3118 971 3186 ante,
992 3127 1030 3170 ex
1046 3129 1177 3193 quarum
1194 3133 1251 3175 nu·

285 3235 375 3282 mero
401 3212 460 3277 luit
487 3213 564 3286 stc
583 3217 800 3294 Kasosspeme,
827 3227 915 3293 acta,
944 3215 991 3278 uti
1010 3215 1159 3299 vidimus,
1179 3236 1252 3286 ante
1293 3223 1296 3231 “

285 3327 412 3416 olymp.
443 3320 617 3387 Imm.
647 3342 699 3402 2.,
735 3343 828 3408 quam
852 3324 977 3411 scripsit
997 3347 1063 3390 non
1085 3327 1252 3415 iniquitate

284 3451 466 3524 temporum
482 3445 627 3512 coaetus,
640 3428 697 3494 sed
712 3432 882 3496 obsecutus
894 3433 1036 3522 ingenio,
1054 3437 1141 3522 quod
1155 3440 1189 3504 in
1204 3432 1250 3506 bis

282 3544 402 3611 lucetiis
416 3541 628 3609 felicissimum
643 3541 788 3605 habuisse
802 3541 937 3608 videtur.
983 3543 1086 3626 Quam
1102 3544 1250 3638 suspicio·

282 3678 357 3720 nem
371 3674 430 3743 per
444 3674 478 3716 se
492 3652 556 3716 iam
571 3651 643 3715 satis
658 3651 856 3740 probabilem
871 3676 955 3718 nunc
972 3655 1148 3724 luculenter
1161 3661 1248 3724 testi·

282 3765 397 3830 moniis
416 3761 701 3828 Grammaticorum
722 3760 940 3829 confirmatam
960 3765 1129 3834 habemus:
1154 3791 1249 3857 quare

283 3875 329 3942 sic
352 3871 551 3938 statuendum
578 3887 641 3936 est:
675 3870 842 3962 Platonem
868 3894 965 3962 quum
984 3878 1018 3941 in
1033 3875 1252 3945 florentissima

280 3980 473 4054 Comoediae
493 3996 596 4050 aetate
611 3980 829 4074 Aristophanis
844 3999 877 4051 et
892 3985 1056 4079 Eupolidis
1070 3984 1196 4058 laudem
1212 4007 1249 4059 ec
