2618 4934
614 361 657 426 84

167 561 280 639 fovisse
294 566 444 632 credibile
460 581 523 631 est:
540 586 615 633 nam
631 586 819 652 quamquam
832 566 1056 631 Acharnenses
1070 570 1133 632 suls

164 680 360 763 Νοομηοίαις
373 677 552 766 eripuerant
566 675 721 764 palmam,
734 691 839 739 tamen
854 675 1041 740 commodus
1056 679 1135 752 ami·

165 813 238 856 cum
266 790 398 878 Equites
420 785 560 852 studioso
576 786 795 851 elaborantem
815 784 983 851 scribendo
1000 785 1132 863 adiuvit,

165 900 230 967 Sed
245 923 340 987 quum
355 900 435 963 haec
448 897 554 961 fabula
570 897 689 985 ingenti
705 897 847 960 omnium
862 897 972 985 plausu
988 914 1020 963 et
1035 895 1134 962 admi·

166 1013 290 1077 ratione
319 1026 399 1075 esset
427 1023 572 1094 excepta,
600 1005 717 1072 inuidia
743 1023 775 1072 et
802 1008 991 1072 obtrectatio
1007 1008 1135 1072 incessit

81 1133 84 1140 ’
167 1123 323 1204 animum,
347 1142 444 1206 quern
457 1116 606 1182 'dolorem
631 1140 709 1181 mox
730 1115 905 1182 cavillando
921 1117 1079 1182 aemulum
1095 1119 1134 1183 sis

80 1295 87 1309 ,
131 1280 135 1290 .
167 1231 329 1322 gnifioasse
342 1240 511 1317 propterea
532 1238 578 1293 est
594 1228 786 1293 simillimum
800 1229 885 1310 veri,
908 1227 993 1315 quod
1007 1229 1134 1293 Aristo-.

165 1342 284 1430 phanes
305 1341 340 1404 in
357 1338 485 1426 Vespa,
510 1360 604 1426 quam
623 1338 720 1403 tertio
739 1351 811 1428 post
825 1339 957 1427 Equites
972 1361 1055 1402 anno
1073 1337 1134 1403 do·

167 1451 253 1533 cuit,
270 1465 409 1514 veterem
425 1449 559 1514 amicum
575 1449 752 1538 asperrimis
768 1449 918 1525 conviciis
932 1450 1066 1537 exagitat
1081 1472 1129 1517 vs.

172 1559 269 1626 1025.
285 1582 331 1649 sq.

164 1691 239 1744 Οὐδὲ
249 1693 403 1764 πολαίςρας
410 1693 609 1765 περικωμάζειν
620 1692 732 1765 (lnquit)
745 1693 855 1764 πειρὸν,
872 1689 933 1744 οὐδ’
948 1691 974 1743 si
983 1710 1025 1752 τις
1033 1693 1128 1765 ipsam

163 1782 370 1852 monstenem
385 1780 498 1850 παιδίχ’
517 1783 618 1834 ἑαυτοῦ
635 1785 718 1847 psoris
735 1785 854 1837 ἔσπευδε
871 1787 938 1854 πρὸς
954 1784 1040 1836 αὐτόν

163 1873 268 1925 Οὖδονι
283 1873 395 1926 πώποτέ
411 1887 475 1938 φησι
492 1872 640 1924 πιθέσθαι.

165 1982 221 2046 ubi
252 1983 372 2046 scholia
401 1978 496 2047 ridet
529 1979 605 2045 coll.
638 1980 772 2069 Berglrio
800 1982 836 2045 in
866 1983 996 2070 Fmgm.
1028 1991 1136 2056 Arist.

166 2115 201 2181 p.
218 2089 296 2177 918.
314 2104 437 2172 etqua.
483 2087 637 2175 Reposuit
652 2088 769 2176 aliquid
789 2089 935 2180 Eupolis:
959 2114 1032 2157 narn
1048 2118 1139 2163 anno

166 2198 308 2287 sequenti
330 2197 458 2285 Olymp.
486 2197 660 2265 LXXXIX.
679 2198 710 2265 3.
737 2199 893 2265 inPacis
915 2201 1060 2267 Parabasi
1083 2227 1136 2280 rs,
1183 2192 1188 2203 ⁸

166 2308 242 2399 763.
272 2331 342 2398 sqq.
370 2307 496 2373 easdem
527 2309 624 2373 animi
653 2308 762 2375 sordes
789 2311 835 2376 illi
863 2313 976 2378 acerbe
1005 2314 1137 2400 obiicit,

59 2441 68 2463 ·
166 2419 307 2509 quamvis
321 2435 356 2484 ut
372 2433 444 2483 ante
460 2420 582 2484 nomini
598 2442 748 2509 parcens:

163 2545 224 2596 lat
239 2545 291 2616 γὰρ
303 2544 438 2615 πρότερον
454 2545 560 2617 πράξας
576 2546 649 2599 caud
665 2548 731 2598 νοῦν
746 2546 810 2616 οὐχὶ
826 2546 980 2618 παλαῦςρας
993 2552 1145 2629 περινοςῶν

166 2646 281 2704 Παῖδας
295 2646 418 2718 ἔπειρον.
440 2638 495 2701 ubl
509 2637 576 2702 vid.
593 2638 701 2708 schol·

213 2759 288 2825 Non
303 2760 377 2824 tulit
391 2756 616 2825 contumeliam
635 2763 780 2854 Eupolis,
806 2765 861 2830 sed
877 2788 960 2829 anno
975 2765 1138 2854 insequem

169 2868 213 2950 ti,
238 2889 335 2955 quum
349 2868 481 2933 doceret
496 2870 700 2951 Αὐτόλυκον,
719 2873 867 2939 iniuriam
881 2876 940 2940 sibi
956 2876 1074 2942 illatam
1090 2879 1137 2944 sic

170 2977 253 3042 ultus
268 2992 329 3062 est,
343 2995 379 3043 ut
394 2973 495 3042 Pacis
503 2998 721 3070 argumentum
735 2983 888 3051 invidiose
900 2987 1134 3075 perstringeret.

169 3086 301 3154 Retudit
325 3089 548 3179 Aristophanes
569 3094 684 3158 aemuli
706 3093 958 3161 maledicentiam
981 3098 1014 3160 in
1034 3098 1143 3183 Nnbt·¹

174 3198 247 3283 bus,
278 3221 371 3287 quam
395 3200 585 3290 perpolitam
610 3203 728 3288 edidit,
755 3204 968 3295 (nondocuit)
989 3205 1074 3272 circa
1089 3209 1137 3273 in·

172 3325 317 3394 euntem,
341 3309 473 3400 opinor,
498 3311 626 3404 Olymp.
642 3316 769 3400 XClffl,
792 3316 847 3383 ubi
866 3316 916 3381 isti
931 3317 1071 3406 plagium
1086 3342 1136 3385 ex·

170 3423 318 3511 probrat:
341 3443 387 3487 vs.
414 3419 489 3497 552.
506 3445 554 3510 sq.

262 3553 384 3612 Εὔπολις
398 3551 449 3616 μὲν
465 3554 514 3607 τὀν
531 3554 659 3626 Μαρικᾶν
675 3556 808 3627 πρότιςον
823 3558 1027 3628 παρείλκυσεν,

263 3644 414 3716 Ἔκςρέψας
430 3645 494 3705 τούς
510 3648 659 3718 ἡμετέρους
676 3647 791 3707 Ἱππέας
808 3651 890 3708 κακὸς
906 3651 1002 3710 κακῶς.

174 3757 227 3819 cui
252 3760 451 3823 exacerbatus
471 3757 548 3825 odio
568 3761 669 3827 Poeta
692 3762 738 3825 sic
757 3764 896 3852 reposuit
917 3765 949 3828 in
971 3771 1133 3844 Βάπταις,

174 3856 280 3951 (quam
304 3865 431 3955 Olymp.
452 3869 552 3932 XCI¹⁰
576 3894 659 3938 anno
680 3872 784 3961 primo
809 3892 912 3940 actam
931 3897 1016 3958 esse,
1040 3876 1137 3952 multa

167 3971 313 4064 suadent,
337 3990 372 4049 ut
395 3974 534 4078 credam)
613 3993 617 4001 '
