2618 4934
651 369 691 434 lb

190 571 412 659 Didascalico,
443 595 538 664 quam
565 595 661 664 supra
688 572 788 640 verbo
818 577 1156 665 commemoravimus,

157 760 161 772 Ι
191 687 279 752 circa
301 685 475 774 haec÷ipsa
502 699 646 774 tempora
669 682 745 750 duas
770 684 891 752 fabulas
916 695 1100 777 Καταχήνας
1121 707 1157 759 et

189 803 323 885 Βάκχας
338 795 490 862 docuisse.
515 793 590 862 Vid.
603 794 797 862 Meinek.·H.
813 797 847 864 C.
864 797 898 864 C.
910 820 983 889 pag.
992 801 1066 867 216.
1080 800 1154 870 coll.

153 929 159 934 ·
187 908 351 998 praeclara
365 906 548 1005 coniectura
563 905 688 995 Eergkii
705 907 822 973 comm.
837 929 910 998 pag.
927 909 999 990 143.
1014 888 1068 999 sq.⁴
1095 912 1157 1000 Ly·

186 1019 294 1117 sippus
308 1036 371 1103 quo
383 1013 512 1104 ingenio
520 1013 632 1098 fuerit,
648 1015 707 1079 etsi
716 1038 757 1080 ex
767 1018 962 1105 paucissimis
972 1019 1155 1110 fragmentis

188 1125 303 1193 confici
317 1147 385 1191 nou
401 1131 646 1214 potest,*tamen
661 1142 694 1191 et
707 1127 810 1216 ipsum
823 1129 953 1194 Cratino
967 1147 1107 1220 spretum
1123 1145 1157 1198 et

183 1238 376 1328 exagitatum
401 1235 514 1320 fuisse,
536 1236 631 1302 lacile
653 1239 803 1304 coniicias
824 1263 843 1305 e
864 1239 1044 1331 fragmento
1060 1241 1155 1309 Para·

180 1348 294 1414 baseos
315 1329 644 1434 saccharum,fquod
663 1347 761 1415 habet
781 1349 895 1416 Pollux
915 1351 989 1419 VII.
1011 1355 1069 1434 41.

254 1483 325 1563 opp,
341 1507 493 1572 saturione
509 1507 560 1561 sol
575 1507 696 1570 &ardone
711 1510 761 1572 τὰς
775 1511 922 1584 ἀλλοτρίας
937 1504 1076 1581 innuisse,
1114 1510 1118 1519 “

181 1667 498 1757 ubiaemulipoitae
509 1666 638 1732 iniurias
653 1667 838 1757 propulsare
851 1669 1011 1735 verissime
1027 1668 1152 1737 ridetur

180 1778 361 1863 Memmio,
373 1800 483 1866 *neque
496 1779 563 1846 neri
580 1777 731 1845 dissimile
746 1793 810 1862 est,
824 1802 898 1845 curn
911 1779 1032 1846 Cratini
1044 1796 1154 1848 contr·

152 1936 154 1940 -
183 1889 297 1956 meliis
310 1889 454 1955 convicia
480 1903 513 1954 et
535 1888 611 1954 furti
638 1889 759 1955 crimen
778 1911 945 1978 reponere.
988 1891 1057 1956 lam
1073 1911 1154 1959 vero

95 2064 97 2068 ,
179 1997 450 2088 quemadmodum
470 2000 567 2065 hosce
583 2022 693 2066 omnes
707 2021 773 2065 non
791 1999 944 2067 credibile
961 2015 1007 2066 est
1021 2023 1154 2092 magno·

179 2133 266 2200 pere¹
278 2110 425 2200 exemplo
441 2110 561 2176 Cratini
576 2112 726 2176 incitatos
739 2111 920 2201 principum
935 2112 969 2177 in
981 2135 1051 2201 rep.
1068 2113 1153 2178 viro·

177 2244 252 2288 rum
265 2222 383 2287 famam
394 2221 573 2311 petulanter
583 2221 706 2289 laesisse
720 2237 753 2286 et
763 2220 891 2288 licentia
901 2224 1035 2311 >pristina
1046 2245 1152 2312 quem·

178 2334 240 2399 vis·
250 2331 440 2397 nominatim
463 2330 615 2422 carpendi
635 2331 771 2396 multum
786 2332 898 2410 abusos
914 2355 996 2417 esse,
1019 2334 1065 2398 sic
1081 2354 1151 2398 cer·

179 2452 248 2509 tu'm
264 2457 314 2508 est
328 2443 502 2525 Cratetem,
526 2442 672 2507 iocosum
686 2445 818 2527 positam
832 2453 866 2503 et
878 2440 1007 2506 lenioris
1018 2443 1151 2532 ingenii,

179 2552 466 2620 ahmoflihidine·
490 2571 619 2640 prorsus
645 2548 844 2613 abstinuisse:
875 2546 962 2635 quod
986 2570 1026 2614 eo
1053 2551 1152 2641 magis
1209 2609 1211 2614 .

176 2661 379 2745 mirandum,
392 2662 431 2724 ‘si
454 2659 523 2744 qsris
546 2657 705 2722 Cratetem
730 2649 876 2722 iuvenem
898 2657 1018 2722 Cratini
1031 2657 1152 2753 fabulas

180 2775 280 2862 egisse
301 2770 489 2838 histrionem
507 2767 691 2858 cogitaverit
705 2765 767 2856 (1),
790 2782 884 2856 atque
898 2768 943 2833 ita
959 2783 1076 2856 quanto
1091 2792 1151 2859 po·

178 2881 373 2971 puliplausu
388 2893 420 2946 et
434 2877 644 2945 admiratione
659 2878 808 2968 magister
823 2876 983 2964 floruerit,
1003 2903 1151 2969 praesen·

174 3003 257 3087 templ
267 2989 409 3073 vidisse,
422 2990 497 3055 imo
513 2989 609 3056 etiam
630 3003 796 3077 expertum
820 3011 905 3072 esse,
936 3013 1051 3080 nempe
1074 3014 1148 3083 par·

174 3100 359 3193 temllaudis
374 3101 410 3165 in
423 3100 610 3167 histrionem
622 3096 811 3172 redundare.
857 3097 922 3165 Sed
936 3101 1045 3167 Crates
1057 3101 1157 3169 indo‘

173 3214 239 3280 lem
258 3220 353 3278 'suam
378 3211 540 3277 mitiorem
562 3224 706 3298 secutus,
731 3225 764 3275 et
784 3233 894 3300 expers
914 3211 999 3279 illius
1011 3212 1147 3303 fervoris

95 3343 98 3348 ·
173 3324 311 3412 ingenii,
324 3322 388 3388 cui
413 3320 461 3387 nil
482 3319 649 3393 nisinova
669 3335 702 3386 st
716 3317 848 3387 audacia
861 3322 1006 3411 placent,
1031 3316 1144 3409 lepidis

174 3433 368 3524 argumentis
381 3432 455 3503 lusit
470 3445 504 3496 et
517 3432 665 3516 ἀφέμενος
678 3439 736 3516 τῆςῨ
745 3437 886 3521 ἰαμβικῆς
899 3433 982 3509 ἰδέας
996 3430 1142 3519 (Aristot.

174 3564 228 3631 ap.
245 3542 383 3609 Meinelr.
401 3542 425 3608 l.
443 3541 481 3630 l.)
496 3564 622 3618 morum
637 3543 817 3621 notationes
831 3543 977 3631 vitaeque
989 3541 1142 3632 imagines

162 3649 407 3746 tiucundissimas
426 3653 558 3748 tubanis.
577 3653 657 3736 iocis
670 3651 826 3718 conditas
855 3651 976 3742 populo
1001 3652 1142 3742 exhibuit
1234 3666 1236 3676 '

146 3778 266 3852 .·saepe
291 3759 471 3851 plaudenti,
491 3763 614 3853 saepius
635 3783 713 3851 prae
731 3760 983 3841 mordacioribus
1001 3761 1139 3852 rebquoe

204 3997 253 4067 (ll
267 3997 313 4065 Gt·
327 3997 439 4056 beinek.
457 4002 496 4057 Η.
518 4004 548 4060 G.
567 4005 597 4059 C·
614 4021 673 4075 pag.
691 4005 736 4061 590
858 4071 861 4074 ,
940 4067 979 4083 Α,
