2618 4934
633 350 676 418 46
703 373 711 391 ι

165 552 236 613 Tota
249 549 421 620 oriyonac,
441 551 655 616 κάξαπατῶντας
671 555 721 608 sol
733 550 925 622 ’τυπτομένους
940 551 1074 630 delendae

164 643 293 713 ’Etp'lco'
311 642 446 709 ἀτιμώσας
463 645 591 719 αἰσχρῶς.

165 794 221 859 ubi
241 791 414 862 Scholiasta
434 797 514 863 haec
526 797 684 885 quantivis
699 798 792 886 pretii
810 797 993 893 adscripsit:
1018 807 1133 872 ἐπεπό-

101 909 102 912 ’
166 903 238 982 lact
265 910 323 993 γὰρ
337 912 412 1011 *τότε
434 913 548 983 ταῦτα,
577 906 733 992 Ἡρακλῆς
753 913 885 992 πεινῶν,
910 916 963 977 καὶ
988 914 1135 995 Δοόμασος

165 1014 280 1096 teclae.
302 1019 356 1082 καὶ
374 1019 477 1102 μοιχὸς
498 1020 583 1090 Ζεύς.
626 1013 716 1080 Idem
738 1017 771 1081 in
795 1019 889 1108 Vesp.
912 1043 958 1088 vs.
985 1022 1037 1112 57.
1060 1022 1131 1116 sqq.

304 1197 391 1261 Ἧμῒο
406 1197 457 1268 γὰρ
475 1196 524 1248 οὐκ
540 1196 580 1256 ἶς’
598 1196 662 1250 οὔτε
680 1198 758 1270 κάρυ’
775 1200 804 1251 ἐκ
822 1203 956 1274 φορμίδος

303 1287 397 1339 Acirim
413 1287 653 1358 παραῤῥιπτοῦντε
670 1297 728 1348 τοῖς
744 1283 910 1360 dioptrae,

306 1372 378 1429 ote'
398 1375 538 1451 Ἧρααλῆς
553 1377 586 1427 τὸ
603 1377 719 1432 δεῖπνον
735 1380 955 1447 ἔξαπατύμενος.

140 1522 199 1607 κἱιι
221 1541 331 1631 quibus
356 1540 547 1608 comoediae
573 1542 669 1631 paulo
694 1558 879 1610 anteactae
906 1566 1130 1638 argumentum

163 1650 328 1742 illepidum
347 1667 379 1717 et
398 1650 547 1741 frigidum
563 1650 748 1719 traducitur.
795 1655 918 1720 Comici
934 1659 1048 1748 igitur,
1074 1640 1133 1752 qni

162 1762 228 1827 iam
253 1776 327 1826 ante
348 1758 563 1825 huiuscemodi
598 1761 798 1847 argumentis·
812 1762 946 1830 multum
962 1766 1131 1857 luserant,

163 1894 248 1937 nunc
265 1895 284 1935 a
298 1868 456 1959 carpenda
470 1869 550 1955 reip.
567 1865 723 1956 gerendae
738 1871 862 1937 ratione
873 1873 943 1964 lege
959 1892 990 1941 et
1005 1889 1132 1970 tempo·

164 1981 251 2046 ribus
276 1978 443 2067 prohibiti,
463 1992 548 2040 totos
569 1998 603 2041 se
627 1977 713 2042 hisce
739 1979 818 2044 iocis
842 1980 1044 2069 dediderunt,
1081 1992 1129 2057 ita

163 2107 271 2158 umen
285 2104 321 2153 ut
334 2085 498 2153 materiam
512 2108 570 2176 per
581 2088 699 2151 se'satis
709 2087 853 2178 frigidam
865 2091 979 2157 aculeis
990 2094 1024 2159 in
1034 2120 1127 2185 prae·

162 2215 284 2265 sentem
298 2199 389 2288 reip.
413 2212 528 2262 statum
547 2194 659 2262 callide
674 2198 764 2263 iactis
780 2200 940 2289 ingeniose
957 2223 1125 2276 ornarent:

62 2339 65 2365 ο
164 2307 250 2398 quod
266 2332 362 2398 quum
376 2308 443 2396 ipse
457 2307 549 2371 Plato
564 2307 685 2396 saepius
699 2307 825 2390 fecerit,
843 2310 921 2378 illud
936 2335 1012 2380 mox
1027 2319 1126 2408 magis

162 2435 343 2512 opportuno
363 2402 439 2483 loco
461 2418 618 2506 copiosius
640 2419 875 2508 explicabimus.
935 2478 940 2486 ,

206 2533 354 2598 Ceterum
376 2551 563 2616 quamquam
584 2526 745 2594 ademtum
763 2545 809 2594 est
822 2531 925 2619 poetis
940 2534 1070 2600 comicis
1086 2535 1136 2604 de*

163 2664 225 2731 qua
246 2663 282 2723 re
306 2637 424 2704 vellent
444 2660 504 2727 pro
526 2638 657 2702 arbitrio
682 2637 796 2723 iocari,
824 2641 917 2706 nullis
936 2657 1044 2710 tamen
1059 2647 1130 2714 aliis

161 2753 255 2820 rebus
279 2749 451 2817 chororum
472 2749 667 2812 comicorum
691 2747 842 2834 splendor
860 2751 1042 2820 imminutus
1066 2773 1131 2843 est,

164 2862 256 2928 sicuti
278 2875 369 2944 ante,
394 2882 456 2947 quo
471 2874 616 2944 tempore
630 2856 750 2946 legibus
766 2865 1064 2950 compescebantur,
1083 2868 1133 2933 fa.

162 2972 253 3039 bulas
272 2957 363 3039 chori
385 2967 575 3035 carminibus
599 2983 632 3032 et
657 2968 804 3035 Parabasi
826 2976 959 3041 caruisse
977 2976 1131 3063 cognori-

163 3105 244 3151 mus.
286 3081 368 3147 Nam
391 3101 493 3167 neque
518 3079 641 3167 Vespoe
662 3079 710 3144 his
733 3087 925 3149 ornamentis
946 3099 1017 3148 sunt
1032 3082 1131 3150 desti·

162 3204 266 3276 tutae,
288 3213 390 3278 neque
405 3188 576 3278 Phrynichi
589 3191 809 3281 Monotropus,
824 3215 862 3258 ex
878 3194 963 3256 cuius
978 3191 1132 3262 Parabasi
1180 3194 1184 3204 '

162 3304 267 3388 locus,
280 3324 374 3390 quem
386 3323 480 3389 supra
491 3300 666 3388 attigimus,
680 3299 838 3366 desumtns
853 3315 910 3368 est.
935 3303 1039 3368 Etiam
1050 3307 1131 3372 Am·

159 3415 292 3504 platoma·
315 3410 505 3475 Parabaseos
531 3425 654 3500 partem
675 3407 715 3474 ad
730 3433 789 3476 nos
810 3412 985 3500 pervenisse
1007 3431 1130 3482 certum

165 3541 227 3608 est,
249 3518 504 3610 quandoquidem
529 3542 624 3585 nemo
649 3517 793 3586 dubitare
817 3535 939 3609 potest,
965 3525 1042 3611 quin
1064 3525 1129 3591 duo

165 3633 231 3699 loci
245 3632 330 3721 apud
344 3633 513 3724 Hephaest.
536 3653 607 3722 pag.
632 3626 685 3696 53.
707 3628 804 3700 Gaisf.
820 3647 852 3698 et
865 3627 981 3701 Schol.'
994 3634 1036 3700 ad
1049 3637 1126 3702 Pac.

164 3765 211 3809 vs.
233 3740 309 3831 473.
480 3773 484 3782 ·

262 3864 335 3924 orca
352 3869 401 3936 an
417 3871 533 3942 auara.
548 3847 582 3924 α’
594 3872 667 3944 opor
684 3871 766 3940 κοοχο
783 3873 882 3944 αοηα
901 3873 1019 3940 caena

168 3981 201 4041 el
