2618 4934
525 380 563 440 91

61 609 188 676 servus,
212 585 267 672 qui
281 581 381 647 domo
397 581 501 646 exiens
515 581 613 647 refert
628 583 734 665 alteri,
753 607 832 672 quae
848 589 881 651 in
896 590 1034 655 triclinio

59 693 199 761 vidisset.
234 691 285 758 Cf.
306 715 352 776 vs.
390 688 441 756 13.
496 688 562 753 Ian
595 713 706 756 omnes
730 693 831 757 multo
859 694 933 759 vino
958 698 1038 763 ebrii

60 801 197 869 canendi
213 799 311 866 finem
323 799 484 882 fecerent,
501 800 646 864 cottabns
660 801 746 866 foras
761 802 941 891 proiicitur,
956 805 1036 874 duae

59 912 236 1004 puellulae,
270 909 370 974 altera
396 909 515 1010 tibiis,
535 908 633 975 altere
659 926 788 977 cantans
813 911 853 978 od
875 916 1035 1004 trigonum

60 1022 226 1090 medentes
240 1019 389 1086 convivas
404 1019 578 1085 oblectant.

105 1130 169 1198 Sed
183 1126 346 1219 reddenda
360 1128 443 1193 ratio
459 1143 507 1192 est
521 1151 648 1211 eorum,
670 1152 750 1217 quae
764 1132 798 1195 in
813 1132 1032 1198 constituenda

57 1243 196 1309 lectione
215 1239 419 1305 mutavimus.
466 1237 606 1303 Primum
629 1240 713 1306 inter
727 1239 943 1329 colloquentes
958 1265 1031 1332 per·

59 1373 156 1417 sonas
169 1370 349 1415 sermonem
365 1345 544 1429 divisimus,
563 1345 648 1434 quod
663 1348 763 1413 miror
776 1371 880 1436 neque
894 1350 1033 1439 Diodor-

61 1459 139 1526 linm
162 1459 272 1526 iecisse
292 1461 327 1523 in
354 1457 511 1522 Athenaei
533 1454 688 1541 editione,
715 1481 819 1546 neque
838 1459 1031 1526 Meinelium

61 1570 96 1637 in
102 1560 248 1637 Platones
255 1573 387 1658 Fragor.
401 1590 474 1658 pag.
489 1566 566 1656 637.
581 1591 629 1656 sq.
644 1567 700 1636 Vs.
713 1567 745 1635 3.
754 1567 858 1634 Codd.
869 1574 1031 1660 παραχέων

59 1682 240 1769 ελολρχοριοι.
258 1678 331 1745 vide
350 1677 448 1744 Diod.
475 1694 509 1743 et
522 1677 661 1745 Meinek.
678 1678 713 1743 ll.
725 1677 759 1744 ll.
794 1678 876 1745 Dedi
889 1683 1029 1767 παρέξων

58 1795 202 1881 ἴρχοριαιι
219 1813 294 1854 nam
311 1791 376 1855 hoc
391 1789 493 1855 solum
504 1787 664 1854 Graecum
678 1806 742 1873 est,
756 1805 792 1854 nt
803 1813 876 1856 mox
892 1817 1028 1880 παραιο·

60 1910 181 1990 mons:
197 1887 263 1966 tom
276 1901 384 1991 recepi
398 1900 674 1967 Casanbonianunr
693 1903 821 1988 νίπτρον
835 1925 895 1992 pro
912 1905 1024 1991 λίτρον.

62 2013 201 2079 Omnino
228 2010 412 2078 conferendi
436 2027 510 2078 sunt
534 2035 608 2077 cum
632 2013 664 2078 h.
680 2013 705 2079 l.
730 2013 875 2079 versiculi
891 2013 1029 2106 Philyllii

59 2129 95 2195 ἐν
116 2126 211 2213 Αὔγῃ
232 2123 350 2188 Athen.
374 2143 449 2211 pag.
473 2122 550 2200 408.
573 2122 611 2186 Ε.

148 2255 208 2306 Καὶ
226 2254 263 2319 δὴ
281 2220 498 2319 δεδειαοοξιιασιν
511 2251 547 2300 ,αἱ
563 2261 708 2317 γυναῖκες,
727 2254 788 2305 ἀλλ’
802 2255 929 2329 ἀφαιρεῖν

144 2345 229 2412 ’Ὦρα
245 2338 302 2401 ’glo
317 2340 374 2410 ἤδη
390 2342 441 2398 τὰς
456 2340 615 2405 τραπέζας,
634 2333 698 2391 εἶτα
714 2352 920 2414 παρακορῆσαι,

146 2435 274 2486 Ἔπειτα
291 2432 364 2482 κατὰ
380 2426 479 2498 χιιρῖιν
498 2424 578 2495 ludin
596 2428 644 2477 ιιαλ
660 2429 747 2497 μύρον
763 2448 792 2479 τι
809 2433 920 2484 δοῦναι.

58 2564 111 2632 Vs.
129 2562 162 2631 5.
178 2564 210 2630 6.
226 2562 333 2628 Libri:
358 2566 398 2643 τῇ
422 2555 511 2622 παιδὶ
536 2559 607 2630 τούς
628 2556 741 2630 αὐλούς
764 2559 854 2644 ἐχρῆν
874 2559 940 2645 ἤδη·
956 2589 1031 2648 προ.

58 2677 175 2764 χείρους
187 2670 266 2742 εἶναι
278 2673 343 2739 Kal
354 2677 606 2754 προοαναφυσᾷνι
617 2665 820 2733 difficultates
834 2671 1029 2759 gravissimas

57 2785 150 2850 huius
176 2784 242 2849 loci
270 2776 408 2846 ostendit
433 2778 592 2845 Porsonns
612 2775 718 2844 Praef.
736 2775 776 2841 ad
793 2779 871 2845 Hec.
887 2803 958 2871 pag.
974 2805 1027 2850 xc.

57 2893 116 2961 sed
142 2893 220 2959 nihil
244 2891 387 2956 tentavit.
438 2889 554 2954 Misere
583 2888 731 2954 laborant
755 2891 897 2975 numeri,
923 2915 1026 2983 neque

56 3005 133 3072 terri
154 3017 259 3094 potest
277 2999 462 3091 languidum
477 2997 561 3064 istud
576 2999 650 3086 ἤδη,
673 2997 758 3087 quod
772 3000 872 3067 Attici
888 3026 952 3068 non
969 3026 1028 3094 po·

55 3133 135 3183 nunt
158 3115 193 3179 in
230 3112 390 3179 concitata
425 3111 588 3193 oratione,
618 3108 675 3175 sed
701 3110 797 3178 πάλαι
823 3114 1022 3197 iamdudum,

56 3221 144 3314 qnod
156 3223 191 3289 h.
207 3221 232 3287 l.
249 3221 342 3287 cessit
356 3217 548 3309 glossemati.
580 3217 726 3284 Conlerri
740 3235 845 3307 potest
859 3221 1023 3310 Aristoph.

58 3337 93 3402 ἰν
113 3338 264 3419 Γεωργοῖς
285 3352 338 3419 ap.
365 3326 450 3392 Poll.
466 3324 524 3391 IX.
541 3325 595 3412 69.

146 3498 200 3557 ‘Et
217 3496 297 3557 ὄςεας
312 3496 362 3548 νῦν
379 3496 422 3552 εἷς
436 3491 535 3564 ἀγροὺς
551 3491 689 3562 χωρῶμεν·
709 3487 741 3548 ὧς
757 3490 843 3542 πάλαι
861 3491 909 3541 δεῖ

56 3606 59 3611 ·
145 3588 235 3653 ‘Epor
250 3589 308 3640 leet
322 3585 362 3656 τῷ
378 3584 484 3654 χαλιλρ
501 3582 680 3650 λελουμένους
695 3579 852 3649 σχολάζειν.

53 3742 142 3809 etin
164 3740 297 3826 Lysistr.
321 3760 367 3803 vs.
394 3733 447 3815 54.
467 3757 514 3824 sq.

90 3910 94 3915 ⁴
140 3904 210 3978 'Ao'
226 3903 259 3956 orl
276 3905 473 3975 παρεῖναι-τὰς
487 3907 622 3970 ymetus:
639 3904 704 3968 δῆτ’
720 3903 823 3971 λχρῆιι,Ι

148 3999 183 4050 Β.
203 3997 242 4049 οο
259 3998 312 4065 γὰρ
328 3995 366 4062 μὰ
383 3990 428 4048 At·
448 3992 516 4051 ἀλλὰ
531 3992 685 4060 πετομένας
695 3997 778 4060 ,ἥκειν
794 3993 888 4045 πάλαι.
