2618 4934
585 372 605 434 3

102 573 191 663 plebi
217 571 339 661 quidvis
362 572 403 637 de
429 572 539 660 quovis
561 573 760 662 optimatium
785 575 914 665 impune
934 578 1063 648 iactare.

101 683 212 770 Itaque
227 682 261 747 in
275 681 420 747 familiari
434 703 579 746 sermone
594 681 656 770 (1),
674 683 706 746 in
723 685 946 769 concionibus,
969 688 1065 756 infe·

101 783 225 858 storum
240 793 376 857 maxime
389 792 545 858 hilaritate
556 792 761 858 assuefiebant
772 794 990 862 maledicendo
1001 799 1065 889 ple·

62 970 67 977 ,
100 903 234 968 beculae
252 903 377 967 Atticae
398 902 541 991 ingenia,
565 902 740 991 Optimates
762 915 875 969 contra
889 921 922 970 et
938 929 1062 993 omnes,

100 1013 157 1102 qui
170 1013 315 1078 fortunae
330 1011 456 1076 dotibus
472 1028 525 1076 aut
539 1013 655 1101 ingenii
671 1013 884 1098 excellebant,
899 1015 1063 1084 lascivien-

99 1124 139 1188 tis
152 1123 261 1212 populi
277 1124 370 1187 etsie
385 1121 513 1186 demum
529 1120 652 1186 firmam
667 1122 845 1189 libertatem
861 1127 1064 1194 existimantis

97 1232 264 1298 mordaces
283 1235 373 1297 iocos
395 1231 478 1296 ferre
501 1233 608 1319 aequis
623 1233 733 1298 animis
748 1249 780 1298 et
795 1232 998 1303 contemnere
1013 1238 1062 1303 di·

97 1342 239 1409 scebant.
292 1343 397 1430 Atque
423 1364 462 1406 ex
490 1340 538 1405 his
568 1342 664 1406 initiis
691 1345 848 1410 succrevit
873 1347 1060 1430 comoedia,

99 1452 394 1541 auctoreimprimis
406 1452 553 1534 Cratino,
563 1452 616 1539 qui
631 1455 749 1541 primus
763 1453 930 1543 populares
941 1456 1063 1544 opinio-

96 1585 169 1646 nes,
191 1562 232 1627 ad
256 1565 321 1628 hoc
340 1584 437 1649 usque
452 1577 575 1650 ternpus
589 1577 708 1628 temere
722 1586 781 1651 per
794 1563 904 1654 'vulgus
918 1587 1059 1653 sparsas,

96 1673 260 1763 ingeniose
276 1673 309 1736 in
330 1687 514 1762 argumenta
528 1672 649 1738 comica
665 1671 811 1762 illigavit,
833 1689 866 1738 et
881 1673 1061 1740 velutiani·

98 1799 200 1848 matus
221 1783 256 1846 in
280 1805 404 1846 scenam
427 1779 599 1876 produxit,
630 1779 755 1846 easdem
779 1782 860 1847 iocis
881 1782 1064 1876 facetiisque

38 1895 44 1900 ’
106 1892 333 1958 iucundissimis
348 1887 539 1980 conspersit,
556 1889 708 1979 expolivit
722 1889 848 1956 dicendi
864 1892 1019 1982 elegantia
1033 1909 1066 1960 et

99 1993 245 2092 poeticae
264 2002 429 2068 veneribus
444 1996 476 2066 et
490 2001 658 2065 luminibus
672 2000 855 2083 illustrarit,
881 2016 1065 2092 tantumque

99 2113 173 2178 tulit
196 2113 237 2176 ab
259 2113 404 2176 omnibus
422 2109 582 2202 plausum,
606 2125 642 2175 nt
656 2132 722 2174 non
737 2110 839 2175 solum
854 2109 1066 2178 festivissimus

99 2231 215 2314 poeta,
246 2221 301 2286 sed
327 2223 422 2286 etiam
450 2221 602 2286 libertatis
629 2219 754 2285 Atticae
783 2219 929 2286 adversus
953 2238 1068 2310 poten·

97 2334 218 2398 tiorum
232 2330 343 2396 fastum
361 2345 393 2395 et
409 2330 637 2419 arrogantiam,
661 2327 752 2396 sicuti
768 2329 952 2416 putabatur,
977 2353 1066 2398 acer·

99 2443 197 2509 rimus
222 2439 337 2506 vindex
359 2437 527 2505 videretur.
572 2437 677 2522 Atque
694 2438 774 2501 haec
795 2437 922 2523 quidem
938 2442 1064 2525 omnia,

98 2576 179 2642 qrrae
202 2551 383 2615 Atticorum
404 2548 547 2639 ingeniis
564 2543 743 2633 dignissima
767 2560 857 2626 sunt,
882 2568 920 2610 ex
944 2547 1065 2615 Cratini

98 2662 278 2751 fragmentis
304 2675 337 2726 et
357 2659 489 2723 historia
509 2656 616 2720 Attica
629 2654 804 2719 luculenter
820 2653 1062 2741 confirmantur,

97 2794 200 2859 neque
222 2792 302 2859 opus
320 2783 367 2832 est
388 2765 492 2830 multis
506 2766 539 2830 in
555 2789 608 2848 re,
633 2788 714 2853 quae
728 2763 824 2830 hodie
839 2764 1064 2859 eruditissimo·

97 2903 170 2946 rum
183 2881 321 2944 virorum
336 2875 441 2941 studio
458 2876 629 2941 certissima
644 2891 702 2942 est.
747 2873 823 2941 Vid.
840 2874 1014 2940 Meinelrius
1028 2877 1064 2943 in

95 2992 182 3056 Hm.
204 2990 280 3054 ern.
301 2987 384 3055 Com.
402 2987 520 3054 Gnaeo.
532 3010 567 3076 p.
582 2990 637 3073 49.
650 3007 718 3074 sqq.
732 3001 765 3051 et
775 2983 899 3052 Theod.
914 2984 1064 3076 Bergkius

94 3101 129 3165 in
154 3097 336 3165 Commentt.
361 3098 400 3162 de
414 3097 514 3187 neuq.
534 3097 619 3164 Com.
636 3099 705 3163 Ast.
720 3097 882 3186 Antiquae
895 3085 1005 3162 ¹statim
1021 3098 1073 3175 ab*

97 3210 200 3276 initio.
637 3243 641 3283 J
821 3269 824 3280 .

136 3321 252 3386 Fretns
280 3315 385 3386 autern
416 3321 501 3384 aura
515 3319 661 3410 populari
688 3319 789 3384 audax
815 3318 916 3384 Poeta
941 3314 1062 3382 nemini

94 3430 257 3519 pepercit:
289 3431 324 3494 in
351 3427 613 3519 reprehendendo
627 3445 673 3495 ‹et
698 3427 861 3495 irridendo
877 3426 1060 3493 'acerrimus

96 3532 247 3626 quidquid
263 3555 325 3604 aut
347 3541 383 3605 in
412 3541 492 3629 reip.
523 3540 794 3606 administratione
818 3555 872 3604 aut
898 3539 932 3620 in
944 3537 1062 3628 singu·

94 3648 201 3713 lorum
223 3650 287 3712 rita
308 3674 347 3715 ac
368 3651 509 3716 moribus
523 3649 687 3716 ridebatur
701 3649 843 3738 ineptum
858 3663 890 3714 et
905 3669 1061 3737 pravum,

126 3907 168 3977 (1)
187 3869 285 3978 Operae
308 3905 421 3978 pretinm
444 3915 482 3959 est
502 3901 618 3958 conferre
642 3899 821 3972 Xenophontis
844 3903 952 3956 Gravia.
969 3901 1062 3972 1111.

94 3992 141 4044 lll.
158 3992 202 4044 11.
254 4018 257 4026 ·
1007 4016 1010 4020 -
1034 4017 1036 4020 .
1056 4016 1058 4020 ·
