2618 4934
730 359 792 425 148

286 569 355 659 quis
368 567 587 634 verba-rotro
599 563 790 650 ιιιοιιφδιῖ-
805 566 934 650 ὅοογενῆ
948 564 991 630 ad
1004 566 1148 638 Platonis
1166 571 1251 640 fabu·

283 680 348 744 lam
364 675 472 742 credat
485 675 660 765 pertinere,
673 673 757 740 bene
773 673 937 745 admonuit
952 675 1108 747 Fritzsch.
1126 705 1160 772 p.
1175 683 1250 754 301.

328 788 370 853 tt.
395 785 503 851 Schol.
520 784 618 851 Arist.
634 785 717 849 Rau.
733 806 780 851 vs.
800 785 876 871 693.
894 785 1087 880 (Cleophon)
1102 796 1253 880 κωμῳδεῖ.

181 896 184 905 '
281 922 335 964 ται
358 899 399 970 ὡς
421 897 485 970 οἷὸς
507 894 652 979 Θρᾴοοηξ.
683 878 770 968 οὗτος
791 894 824 959 δὲ
850 891 889 977 ἦν
909 900 928 960 ό
946 886 1129 984 summm
1149 905 1250 972 Kim-

283 1011 351 1090 φῶν
378 1009 397 1071 ὁ
423 1003 590 1090 λυροποιός.
622 1003 674 1066 eal
703 1003 836 1072 Πλάτων
860 1009 894 1072 ἐν
917 1006 1097 1092 Κλεοφῶντι
1123 1015 1254 1100 δράματι

283 1115 599 1205 βαρβαρίζουσαν
621 1114 716 1196 πρὸς
738 1114 1069 1204 «creveruntque
1091 1128 1255 1211 τὴνμη·

283 1227 321 1293 τέ
329 1252 389 1312 pa.
413 1225 460 1287 Ex
474 1220 608 1285 Thracia
623 1219 793 1286 oriundum
807 1223 901 1290 fuisse
913 1227 1141 1318 Cleophontem
1157 1235 1255 1325 signi-

281 1335 356 1401 licat
370 1332 596 1421 Aristophanes
610 1329 723 1418 lepidis
739 1335 881 1400 versibus
894 1336 929 1401 in
938 1339 1019 1406 Rau.
1034 1364 1080 1408 vs.
1092 1342 1169 1431 678.
1179 1366 1248 1432 sqq.

279 1457 507 1526 Φιλοτιμλτεραι’
523 1453 716 1518 Κλεοφῶντος,
750 1456 793 1518 λφ·
819 1443 851 1508 oi
874 1460 910 1527 δὴ
938 1460 1072 1516 Χείλεσιν
1100 1465 1259 1530 &postulone

278 1565 370 1617 δεινὸν
396 1560 577 1631 ἐπιβρέμεται
606 1557 748 1630 Θρῃκία
783 1560 955 1629 paladolo.
1014 1554 1126 1642 Neque
1161 1558 1255 1624 aliter

281 1666 448 1732 Scholiast.
474 1660 582 1748 Eurip.
611 1657 653 1722 ad
683 1660 789 1727 Orert.
817 1684 862 1729 vs.
885 1662 963 1751 903.
987 1665 1074 1732 Θέλει
1097 1668 1130 1733 δὲ
1154 1672 1255 1738 εἰπεῖν

279 1777 458 1860 Ἀθηναῖοι
490 1771 545 1836 οὖν
579 1767 755 1854 Ἀθηναῖοι
788 1776 864 1842 ὄντα
896 1777 1011 1858 αὐτὸν,
1044 1776 1123 1843 ἀλλὰ
1156 1783 1254 1848 νόθον

280 1887 429 1969 πολίτην,
459 1885 591 1964 παρόσον
613 1881 697 1965 Θρᾲξ
720 1876 761 1962 ἦν
782 1884 823 1947 ἐκ
847 1883 1018 1964 Δελφῶν
1048 1890 1067 1950 o‘
1091 1887 1250 1971 Κλεοφῶν.

281 1996 335 2060 nbi
354 1999 387 2061 ἐν
414 1993 542 2073 Δελφῶν
558 2011 623 2054 esse
638 1990 784 2054 vitiosam
799 1990 986 2077 scripturam
1002 1995 1139 2060 nominis
1154 1999 1254 2067 Κλεο·

281 2110 349 2189 φῶν
377 2126 441 2167 una
455 2088 563 2168 'litura
585 2097 754 2163 sanandam
775 2097 899 2163 monuit
913 2098 1116 2167 Ruhnkenius
1137 2108 1181 2173 H.
1215 2110 1252 2177 C.

284 2217 376 2282 Orat.
396 2215 454 2280 Gr.
480 2234 553 2301 pag.
570 2233 645 2275 σοι.
671 2209 758 2273 cuius
780 2207 1008 2276 emendationis
1025 2218 1252 2301 praestantiam

280 2349 377 2416 quum
401 2342 468 2389 non
492 2322 622 2387 sentiret
646 2319 835 2386 Fritasclrius
857 2343 933 2410 pag.
956 2319 1032 2389 300.
1055 2329 1089 2390 ἐν
1113 2328 1252 2398 Διοιλῶν

276 2425 419 2526 'reposuit
444 2433 495 2498 vel
521 2437 555 2499 λιι
574 2437 678 2500 Δάτοο
698 2428 749 2497 vel
764 2434 798 2498 ἒιι
822 2432 1007 2517 Ampelon:
1029 2453 1109 2519 quae
1139 2438 1248 2502 conie-

283 2563 389 2612 cturae
413 2543 457 2607 nil
479 2543 539 2607 nisi
560 2538 730 2606 ostendunt
752 2562 847 2627 quam
869 2552 960 2607 acute
975 2539 1091 2607 viderit
1105 2545 1251 2612 Ruhnke-

282 2657 364 2721 nius.
410 2652 615 2742 Cleophontis
636 2670 816 2738 cognomen
836 2655 855 2717 ὁ
877 2651 1033 2739 λυροποιός
1051 2675 1147 2742 saepe
1163 2679 1250 2722 com.

282 2779 483 2830 memoratur,
546 2755 621 2819 vid.
663 2755 791 2821 Andoc.
838 2759 879 2822 de
917 2763 1047 2847 Myster.
1090 2785 1163 2854 pag.
1194 2766 1249 2856 73.

282 2875 432 2941 Aeschin.
449 2873 489 2937 de
502 2865 589 2934 Fats.
605 2864 716 2954 Legat.
734 2865 888 2957 pag.a5d.
933 2870 1097 2937 Scholiast.
1113 2873 1191 2944 λλον.
1209 2876 1250 2941 ad

222 3040 225 3046 .
286 2983 474 3074 Thesmoph.
499 2999 545 3043 vs.
572 2973 648 3041 805.
694 2975 946 3067 Nonnunquam,
973 2997 1008 3046 ut
1035 2983 1068 3047 in
1092 2984 1155 3048 hoc
1177 2985 1249 3072 ipso

284 3096 428 3174 scholio,
457 3091 491 3153 in
516 3090 675 3175 τοροποιός
708 3089 801 3171 abiit,
833 3088 919 3178 quod
946 3089 1048 3156 doctis
1072 3094 1253 3161 hominibus

281 3201 383 3271 fraudi
406 3200 480 3281 fuit,
503 3198 569 3264 rid.
593 3197 747 3265 Fritzsch.
765 3222 839 3288 pag.
856 3197 930 3264 301.
975 3199 1128 3266 Adhaesit
1144 3220 1249 3270 autem
1288 3277 1292 3283 .

281 3313 404 3381 homini
427 3334 466 3377 ex
486 3310 662 3398 aequalium
681 3309 890 3392 contumelia,
911 3323 946 3372 ut
960 3308 1119 3398 plerisque
1136 3314 1251 3380 Dema.

283 3427 392 3518 gogis,
422 3422 475 3512 qui
499 3422 585 3510 prius
610 3418 762 3485 humilem
787 3435 950 3507 quaestum
975 3418 1186 3509 lectitassent,
1213 3449 1251 3491 ex

284 3536 423 3603 ludibrio
438 3532 591 3621 imprimis
612 3529 815 3594 Comicorum
832 3551 1009 3620 cognomen
1025 3529 1099 3596 inde
1114 3536 1251 3622 petitum

284 3645 454 3709 adhaerere
479 3640 613 3706 solebat.
659 3639 711 3705 Sic
727 3638 828 3705 Cleon
851 3640 1045 3730 βυρσοπώλης
1060 3640 1162 3709 (λὶοῑοσ
1182 3660 1246 3728 est,
1282 3706 1285 3711 .

284 3753 420 3841 Lysicles
445 3751 702 3840 προβατοπώλης,
731 3750 879 3814 Euorates
902 3753 1154 3840 ςοππιιοπὼληα,
1178 3754 1248 3843 Hy-

287 3861 436 3950 perbolus
472 3859 668 3948 λοχνοπὼλης
701 3871 755 3924 ant
789 3859 988 3947 λυχνοποιὸς,
1024 3863 1253 3930 Demosthenes

168 4016 171 4027 .
285 3988 521 4056 nonnumquam
533 3973 760 4056 μαχαιροποιός.
804 3969 888 4038 Ηίοο
904 3972 1105 4063 explicandus
1120 3990 1169 4041 est
1180 3974 1256 4042 Plu·
