2618 4934
586 369 629 436 28

123 571 295 642 comoedia
308 584 493 662 excerptum
506 573 694 663 suspicatur.
739 572 820 643 Mihi
838 574 968 663 quidem
983 577 1095 645 Aristi-

123 685 180 753 des
202 683 336 752 eandem
358 684 527 771 utrobique
541 683 700 765 fabulam,
725 707 914 774 quamquam
929 689 1024 776 paulo
1038 712 1096 757 ne·

120 797 306 888 gligentius,
330 793 471 861 indicare
485 816 589 884 prope
605 805 729 859 certum
745 812 809 878 est,
833 811 870 861 ut
884 786 1097 887 respondeant

119 911 206 974 inter
224 930 257 972 se
276 911 311 973 tr
330 907 407 992 ἀρχῇ
425 912 478 973 τοῦ
498 908 651 991 δράματος
663 907 944 994 μεγαλαυχούμενος
957 924 990 974 et
1002 909 1097 980 redire

120 1015 163 1087 al
182 1021 267 1105 μάλα
286 1021 486 1104 ὑπερηφάνως
508 1021 560 1084 ἐπὶ
577 1017 727 1102 τελευτῆς.
771 1019 882 1106 Itaque
897 1021 978 1085 etin
993 1021 1096 1109 prima

121 1130 225 1196 fabula
252 1144 285 1197 et
311 1130 345 1194 in
375 1130 524 1194 extremis
552 1130 694 1194 versibus
721 1129 900 1216 aequalium
928 1137 1096 1221 poe'tarnm

120 1241 303 1332 futilitateut
326 1242 444 1305 acriter
463 1239 617 1328 explosit,
643 1239 729 1327 quod
744 1263 811 1306 non
825 1241 886 1305 nisi
900 1242 1034 1308 absurde
1048 1243 1097 1308 bis
1135 1238 1140 1244 ⁵

121 1367 209 1418 certe
221 1351 256 1416 in
269 1351 395 1416 fabulae
407 1351 548 1440 partibus
562 1350 667 1417 iacere
679 1351 843 1440 potuisset,
859 1352 919 1416 uisi
934 1352 1098 1420 accidisset

124 1460 255 1551 aliquid,
268 1484 332 1549 quo
344 1462 425 1526 baec
438 1461 613 1526 acrimonia
626 1477 734 1550 posset
745 1461 868 1529 reterri.
892 1461 993 1551 ldque
1004 1463 1097 1551 quale

121 1571 216 1637 fuerit
237 1573 304 1639 iam
327 1572 422 1637 facile
443 1572 541 1637 cuivis
559 1572 594 1636 in
612 1587 753 1639 mentem
768 1571 864 1636 venit.
911 1573 1097 1640 Ceterorum

120 1689 289 1773 poetarum
315 1698 501 1773 arguntenta
522 1683 632 1747 iocosa
652 1682 752 1772 magis
775 1704 870 1769 quam
886 1682 1050 1748 mordacia
1064 1698 1098 1749 et

123 1792 354 1858 contumeliosa
367 1794 491 1876 ineos,
508 1815 588 1881 quos
603 1792 694 1882 plebs
709 1792 918 1881 suspiciebat,
930 1793 1098 1864 severitate

124 1902 205 1993 legis
228 1925 294 1968 non
314 1903 448 1971 multum
469 1919 524 1968 ant
547 1902 628 1968 nihil
646 1905 813 1968 immutata
834 1903 930 1967 luisse
946 1901 1098 1970 credibile

125 2027 182 2078 est.
230 2012 389 2102 Populus,
414 2036 509 2102 quem
535 2013 655 2081 Cratini
681 2013 880 2079 festivissima
906 2011 1038 2079 audacia
1062 2012 1097 2079 in

121 2122 296 2188 nobiliores
324 2125 467 2212 impense
495 2122 729 2207 delectaverat,
765 2147 823 2212 per
853 2138 916 2188 tres
947 2121 1098 2213 deinceps

120 2255 221 2297 annos
244 2230 388 2301 caruerat
409 2233 636 2300 iucundissimo
659 2233 893 2299 oblectamento
912 2250 945 2300 et
958 2235 1098 2324 reliquo·

120 2363 195 2405 rum
210 2340 344 2406 innoxiis
358 2341 481 2409 facetiis
496 2363 589 2428 aegre
602 2341 813 2425 acquieverat.
845 2341 998 2426 Tandem,
1010 2342 1098 2431 quod

120 2448 245 2515 dudum
255 2441 467 2541 ⁴flagitaverat,
481 2449 598 2512 frustra
612 2450 861 2535 repugnantibus
875 2453 1092 2538 optimatibus,

122 2561 269 2651 gestienti
293 2561 416 2652 populo
440 2555 593 2623 redditur.
639 2555 780 2621 Deliciae
793 2557 927 2646 populi,
952 2560 1098 2629 Cratinea

119 2671 230 2756 Musa,
253 2668 425 2738 revertitur
448 2684 479 2733 et
498 2667 546 2732 his
565 2667 708 2732 versibus
729 2667 840 2756 primis
861 2686 1097 2759 exspectantem

123 2782 247 2847 turbam
273 2779 463 2869 compellat:
508 2780 578 2844 Hoc
600 2787 703 2867 agite,
725 2789 932 2870 spectatores,
954 2791 1099 2875 expergi-

119 2897 264 2973 scimini,
289 2903 322 2956 et
340 2872 429 2980 quem
452 2902 611 2957 veternum
620 2888 768 2978 sutilium
775 2893 943 2978 poe'tarum
957 2898 1096 2981 saeptae

117 3000 322 3088 offuderunt,
344 3023 414 3067 eum
429 2998 471 3065 ab
486 2999 586 3064 doubts
601 3021 697 3085 ocyus
711 2999 894 3088 abstergite.
937 3016 939 3021 ’

159 3109 345 3179 In·,Graecis
358 3112 460 3177 serbis
477 3109 596 3198 aliquid
608 3110 743 3194 excidit,
761 3129 834 3201 post
843 3116 1088 3198 οἰφοπνίζεοθαι,

117 3238 153 3289 ut
167 3223 290 3289 numeri
306 3238 457 3313 arguunt,
471 3220 698 3310 supplendum:
716 3237 749 3288 et
763 3225 989 3314 suppleverunt
1000 3228 1092 3295 mrtlti

118 3333 228 3401 multa.
275 3334 407 3417 Conieci
437 3352 519 3420 qtrae
547 3331 702 3400 Aristides
719 3335 922 3418 .ornisit,.·sie
945 3338 1090 3404 revocari

117 3465 230 3536 posse:

165 3563 394 3637 Ἀφοπνίζεοθαο
412 3565 484 3635 (τοῖς
499 3565 656 3637 ἡμετέροισι
674 3565 781 3636 χοροῖς)
799 3569 853 3638 χρὴ
872 3567 963 3623 πάντα
978 3570 1089 3640 θεατὴν

166 3655 238 3706 'Atr'o
254 3655 302 3719 pla
319 3656 463 3727 βλεφάρων
482 3655 678 3726 αὐθημεριοῶν
696 3656 817 3722 ποιητῶν
836 3657 917 3729 λῆρον
934 3656 1048 3722 ἀφέντα.

116 3766 234 3836 eodem
260 3770 327 3834 lere
351 3768 467 3855 modo,
498 3792 563 3859 quo
591 3769 820 3859 Aristophanes
842 3771 923 3838 dixit
942 3776 983 3841 -in
1009 3779 1089 3843 Rau.

117 3903 166 3948 vs.
190 3879 266 3968 372.

205 4009 351 4078 Bdmtalr
368 4012 423 4081 w)
438 4011 605 4072 ιόξίςαοθοο
622 4020 682 4071 τοῖς
697 4009 854 4082 ’ἡμετέροισι
871 4026 1000 4085 χοροῖσιν.
