2618 4934
562 368 600 433 31

10 635 18 645 .,
101 580 230 644 ritatem
246 574 306 639 tibi
321 587 520 661 quaererent,
533 585 588 636 aut
602 568 732 636 sordido
746 570 821 635 loco
836 571 916 654 nati,
929 573 1064 656 renuti,

104 686 322 778 impudentes,
343 682 528 772 importuni,
553 682 607 770 qui
619 680 718 746 modo
733 681 855 747 lucrum
867 681 1006 748 facerent
1018 682 1065 748 nil

102 821 170 862 non
194 795 342 861 dicebant
362 809 415 858 aut
435 792 643 881 patiebantur.
688 792 811 857 Horum
825 792 950 881 ingenia
963 815 1065 882 popu·

101 908 151 973 lus
174 927 361 994 quamquam
382 903 464 966 bene
478 918 643 991 perspecta
658 917 765 967 tamen
783 924 882 989 aequo
898 903 1004 967 animo
1020 902 1067 968 fo·

102 1017 194 1082 rebat
200 1037 217 1098 ².
232 1031 317 1079 ratus
337 1023 392 1078 aut
414 1011 520 1078 deesse
536 1012 699 1096 meliores,
724 1013 895 1079 autminus
910 1011 1067 1078 sititorto

104 1127 321 1213 obsequentes.

145 1237 190 1300 At
205 1233 334 1300 eosdem
346 1233 424 1298 istos
434 1231 587 1297 serviliter
599 1232 659 1298 sibi
670 1229 866 1298 blandienter
877 1254 1069 1323 magnopere

102 1347 313 1437 spernebant,
337 1358 369 1409 et
382 1342 462 1407 nihil
478 1340 646 1408 audiebant
659 1342 833 1424 lubentius,
858 1364 951 1430 quam
967 1342 1069 1408 comi·

104 1479 216 1523 corum
244 1457 279 1519 in
303 1456 380 1520 istos
409 1453 564 1518 convicia.
610 1452 682 1518 Huc
703 1452 781 1518 facit
801 1452 961 1517 Plutarchi
980 1451 1070 1517 locus

105 1568 235 1634 eximius
247 1565 283 1629 in
297 1565 463 1656 Praecept.
481 1569 559 1650 reio.
573 1563 704 1651 gerend.
721 1585 793 1652 pag.
809 1562 885 1628 801.
900 1565 937 1628 B.
960 1567 998 1630 Ol
1018 1564 1071 1646 δῆ-

105 1706 157 1764 μοι
180 1678 232 1744 διὰ
256 1680 370 1762 τρυφὴν
394 1677 447 1740 καὶ
467 1676 556 1764 ὕβριν
579 1681 599 1759 ἤ
620 1674 782 1764 βελτιόνων
803 1675 915 1757 ἀπορίᾳ
933 1675 1074 1760 tanaro·

106 1794 171 1871 νῶν
196 1793 328 1876 χρῶνται
352 1793 415 1862 τοῖς
438 1790 627 1879 ἐπςτνχοῡοι,
649 1786 881 1876 βδελυττόμενοι
902 1789 955 1852 nol
977 1810 1074 1853 κατοι-

111 1909 306 1987 φρονοῦντες,
335 1893 401 1965 εἶτοι
429 1900 563 1986 χαίρουσι
585 1903 730 1966 τοιούτων
758 1900 799 1973 εἷς
822 1898 930 1973 αὐτούς
951 1895 1075 1982 λεγομέ-

109 2038 184 2097 νων,
206 2008 258 2081 οἷοι
278 2011 412 2080 Πλάτων
428 2014 449 2077 0‘
469 2014 609 2095 Κωμιιιὸς
630 2013 685 2078 τὸν
701 2015 807 2094 Δῆμον
827 2011 923 2080 αὐτὸν
942 2008 1078 2091 λέγοντο.

105 2145 195 2190 noret·
222 2153 225 2159 ·

249 2231 371 2296 Aossorl3
387 2231 477 2296 λαβοῦ
494 2235 544 2298 τῆς
559 2231 651 2301 χειρὸς
667 2224 701 2288 ὦς
716 2229 815 2298 τάχιςά
830 2248 882 2294 μου
956 2238 960 2244 ’

249 2320 350 2372 Mitto
367 2321 501 2391 ςρατηγὸν
518 2327 688 2390 χειροτονεῖν
703 2318 859 2386 Ἀγύρριον.

105 2440 158 2502 καὶ
188 2435 285 2505 πάλιν
299 2416 459 2504 ιοιῖτοῦντοι
485 2433 615 2514 λεκάνην
650 2432 835 2516 ναὶοτερὸν
856 2433 938 2508 ὅπη·
966 2433 1070 2522 ἐμέσῃ,

109 2548 251 2630 λέγοντα·

248 2671 425 2750 Προοίςιιτοιῦ
440 2687 492 2735 μου
509 2670 575 2744 πρὸς
591 2671 624 2722 τὸ
640 2672 720 2738 βῆμα
736 2670 866 2740 μοντιλη.

112 2770 166 2835 ναὶ
864 2847 868 2853 X

250 2873 352 2926 Βόσκει
370 2868 480 2940 διισόδη
497 2870 645 2936 Κέφαλον,
665 2871 792 2940 alexim
808 2870 897 2928 νόσον.

108 3003 160 3073 Cf.
169 3002 422 3069 Arist.Pac.rss.
433 2998 1074 3091 681.squlutarchrinAlrt'b.capLXIlI.

150 3114 262 3201 Itaque
287 3101 411 3177 Comici
432 3108 599 3175 irridentes
621 3110 772 3199 pessimos
792 3111 874 3176 cives
888 3112 980 3177 simul
994 3113 1078 3180 beno

110 3223 150 3289 de
177 3222 279 3313 patria
303 3223 472 3289 merebant
495 3234 528 3284 et
553 3220 663 3309 populi
690 3219 847 3310 praesidio
881 3237 971 3288 erant
994 3223 1076 3290 tutiz
1108 3266 1109 3270 =

113 3333 318 3420 quamobrem
335 3347 424 3398 recte
446 3329 603 3395 Lucianus
622 3346 655 3396 et
677 3329 793 3418 Dioclis¹
806 3331 910 3396 verbio
924 3333 972 3396 usi
986 3339 1076 3417 sunt,

113 3442 225 3529 quibus
243 3441 279 3523 id
292 3443 458 3532 perspicue
473 3439 707 3530 significabant,
728 3442 847 3531 ἐφιέναι
862 3450 894 3507 'et
907 3444 1079 3528 ἐπιτρέπειν

109 3556 167 3621 τὸν
183 3553 277 3634 δῆμον
296 3554 400 3642 poetis
421 3550 508 3676 quod
526 3552 678 3619 volebant
693 3549 818 3618 dicere:
843 3567 875 3618 et
890 3553 1016 3636 Cicero,
1041 3570 1077 3621 ut

110 3677 158 3730 est
173 3684 409 3750 nonnumquam
430 3661 465 3726 in
478 3663 572 3728 rebus
588 3661 732 3749 antiquae
746 3659 898 3728 Graeciae
910 3666 1005 3753 paulo
1020 3690 1076 3732 ne·

112 3771 299 3864 gligentior‚
324 3787 376 3836 aut
400 3771 581 3860 imprudens
604 3772 719 3838 errarit
739 3788 792 3840 aut
811 3774 955 3873 nonnihil
969 3778 1078 3871 serviit

112 3896 311 3974 argumento.
341 3879 391 3944 De
402 3876 574 3949 'l'hemistii
580 3880 649 3969 fide
657 3906 723 3957 non
714 3884 874 3953 arbitror
889 3884 1077 3976 quemquam

114 3992 280 4083 magnifice
301 4015 475 4060 sensurum
