2618 4934
540 451 542 454 Ι
620 351 662 415 do

160 562 345 656 languidum
360 575 415 625 aut
428 556 713 647 quomodocunque
728 559 868 648 ineptum
882 561 1002 627 urbane
1014 564 1123 654 explo-

163 676 300 755 debant,
318 669 373 736 sed
387 668 666 758 praeclarissimum
683 667 843 756 quodque,
860 670 896 734 ut'
907 671 940 734 in
954 674 1124 740 cachinnos

162 797 366 873 erumperent
387 794 460 845 tota
474 779 612 861 theatra,
633 778 845 845 iocosissimae
868 780 1036 868 paroediae
1056 783 1126 852 lusu

163 899 197 965 in
222 895 320 960 risum
337 892 505 977 iocumque
527 887 770 976 detorquebant.
815 891 920 979 Atque
935 916 974 958 co
989 917 1124 983 genere,

164 1028 229 1096 quo
244 1003 322 1069 nihil
336 998 438 1086 estad
452 1000 548 1064 risum
565 997 755 1068 movendum
769 1000 944 1086 efficacius,
967 1003 1128 1070 abundant

164 1137 273 1182 omnes
292 1109 511 1198 Aristophanis
524 1108 649 1174 fabulae
664 1126 696 1174 et
712 1108 946 1198 deperditarum
961 1121 1127 1203 poetarum

163 1221 316 1314 quidquid
341 1234 494 1310 superest.
540 1215 603 1282 Sed
624 1242 688 1283 non
709 1235 828 1285 tantum
849 1221 971 1312 singula
992 1226 1128 1315 tragico-

164 1360 234 1402 rum
249 1333 354 1415 dicta,
372 1327 425 1396 sed
441 1329 536 1394 etiam
547 1328 668 1419 integra
680 1347 862 1420 argumenta
872 1333 994 1401 Comici
1005 1338 1039 1400 in
1050 1336 1127 1426 lepi.

165 1444 223 1510 dos
237 1446 327 1509 iocos
342 1437 592 1523 transfuderunt,
609 1462 711 1527 neque
725 1442 789 1506 boc
803 1465 918 1531 genus,
936 1444 1022 1532 quod
1038 1448 1129 1513 multi

163 1569 365 1647 putaverunt,
398 1550 584 1616 recentioris
605 1551 713 1614 aetatis
734 1567 796 1634 est,
818 1552 875 1616 sed
895 1553 972 1618 olim
995 1555 1030 1619 in
1052 1556 1129 1646 ipsis

165 1662 359 1731 Comoedias
386 1660 569 1749 primordiis
591 1676 700 1725 natum
725 1660 903 1751 diligentius
928 1663 1031 1728 excoli
1055 1688 1130 1731 coe·

165 1791 256 1866 ptum
277 1788 342 1855 est,
365 1772 477 1859 quibus
495 1771 690 1859 temporibus
707 1771 741 1834 in
757 1773 950 1860 angustiores
965 1775 1131 1841 cavillandi

168 1881 379 1970 irridendique
394 1879 471 1947 fines
484 1879 658 1947 Comoedia
671 1881 732 1947 fuit
746 1881 920 1972 compulsa.
955 1885 1060 1973 Atque
1072 1887 1132 1951 fnit

168 1995 247 2060 baec
266 1993 351 2080 quasi
366 1991 520 2080 quaedmn
534 1991 879 2082 Tragion-Comoedia,
903 1994 937 2058 in
952 2018 1014 2083 qua
1030 2020 1131 2085 neque

165 2104 324 2195 principes
353 2102 387 2168 in
411 2125 482 2191 rep.
514 2102 573 2167 riri
598 2100 872 2191 producebantur,
907 2128 1011 2194 neque
1038 2109 1132 2174 fictae

168 2237 323 2306 personae
348 2213 463 2277 iocosis
484 2227 517 2277 et
540 2210 682 2276 ridiculis
704 2215 860 2298 moribus,
881 2215 938 2280 sed
958 2217 1001 2281 dii
1025 2235 1057 2284 et
1076 2222 1133 2286 be·

167 2320 240 2393 roes
263 2339 297 2389 et
320 2346 426 2413 reges,
447 2324 546 2388 verbo
569 2343 742 2408 personae,
765 2323 870 2409 quales
893 2326 926 2392 in
951 2329 1134 2418 Tragoediis

168 2453 201 2504 et
235 2434 428 2500 dramatibus
461 2430 610 2520 Satyricis
643 2428 773 2517 prodire
802 2431 957 2500 solebant.
1018 2438 1056 2500 In
1084 2441 1133 2504 hie

166 2569 261 2638 saepe
296 2546 456 2627 Bacchus,
490 2539 547 2605 sed
579 2539 721 2603 omnium
749 2540 928 2628 saepissime
959 2544 1131 2633 Hercules,

169 2678 282 2746 magna
300 2656 401 2722 moles
424 2650 581 2740 corporis,
605 2647 661 2714 sed
678 2650 783 2715 obtusi
802 2650 978 2740 nulliusque
993 2655 1131 2746 ingenii,

169 2764 277 2832 helluo
298 2781 331 2830 et
354 2761 554 2842 mulierosus,
581 2782 654 2824 cum
673 2759 773 2825 multa
790 2763 976 2830 scurrilitate
990 2764 1025 2831 in
1040 2789 1135 2836 scena

170 2875 332 2965 agebatur.
356 2872 442 2938 Olim
451 2872 497 2936 sic
507 2870 644 2936 luserant
656 2878 787 2960 po'e'tae,
804 2873 937 2942 multum
949 2876 1134 2968 indignante

171 2986 320 3069 Cratino,
346 2984 433 3051 cuins
458 2981 498 3047 de
522 3004 561 3047 ea
578 3005 614 3047 re
639 2981 820 3067 dicterium,
848 2984 935 3074 quod
956 3000 1054 3054 exstat
1078 3015 1130 3081 ap.
1194 3068 1197 3073 ,
1271 3076 1273 3083 J

169 3095 339 3164 Scholiast.
359 3093 400 3160 ad
414 3095 491 3160 Poe.
508 3117 555 3159 rs.
573 3096 650 3182 742.
666 3094 779 3158 misere
794 3108 980 3186 corruptum
996 3100 1134 3189 aliquan·

172 3206 233 3290 do,
256 3229 365 3296 spero,
386 3205 509 3270 felicius
526 3204 687 3293 ingenium
707 3221 760 3270 aut
776 3204 923 3272 meliores
936 3207 1012 3273 libri
1027 3232 1134 3281 emen·

171 3316 280 3384 datum
301 3317 433 3383 dabunt.

216 3427 281 3492 Sed
304 3427 417 3493 fmstra
439 3425 611 3514 increpuit:
636 3448 708 3491 nam
725 3423 849 3491 easdem
862 3428 991 3493 facetias
1004 3450 1070 3492 non
1084 3450 1135 3496 se·

173 3524 239 3602 mel
261 3537 486 3626 Aristophanes
510 3538 544 3601 in
569 3537 633 3601 suis
659 3535 839 3625 aequalibus
862 3536 1018 3627 explosit,
1041 3554 1078 3605 ut
1099 3540 1133 3605 in

172 3651 271 3715 Pacis
292 3646 439 3714 Parabasi
459 3671 507 3714 vs.
532 3650 606 3736 740.
627 3671 697 3736 sqq.
918 3661 921 3666 ’

169 3807 286 3880 Προῖτον
302 3811 353 3874 μὲν
369 3812 421 3882 γὰρ
439 3809 503 3870 τοὺς
517 3809 678 3867 ἀντιπάλους
695 3807 775 3872 μόνος
792 3807 943 3880 ἀνθρώπων
960 3778 1139 3866 morinenses

128 3908 130 3915 '
169 3905 220 3963 Ἐς
236 3905 271 3954 τὰ
288 3903 368 3971 ῥάκια
386 3901 559 3971 σκώπτοντος
577 3903 622 3955 del
639 3902 688 3953 stol
706 3910 764 3961 τοῖς
781 3903 912 3974 φθειρσὶν
928 3903 1137 3972 πολεμοῦντας,

173 3997 241 4059 Tabe
254 3993 287 4049 θ’
304 3996 462 4067 Ἡρακλέας
476 3996 539 4055 τοὺς
552 3997 707 4062 μάττοντας
721 3995 769 4046 καὶ
783 3995 848 4055 τοὺς
861 3995 1141 4062 ποινῶντοςένοίνονς
