2618 4934
754 337 816 408 tac

299 548 371 627 Nati
408 554 546 636 Maeni,
582 563 661 636 quac
687 567 725 611 ea
752 568 821 612 esse
851 545 996 632 ridetur,
1030 569 1091 638 qna
1117 558 1265 643 concepit

299 660 467 725 Alcmena:
492 680 587 748 quare
608 678 674 722 non
693 654 1000 753 multum'diversam
1016 660 1110 727 fuisse
1125 661 1264 731 fabulam

295 768 493 835 statuendum
518 782 565 833 est
590 766 630 832 ab
662 764 890 856 Amphitruone
914 767 1070 860 Archippi
1092 787 1125 836 et
1145 773 1260 842 Plauti.

296 879 426 945 Praeter
449 879 668 944 Herculem'et
683 877 842 942 Bacchum
856 879 955 943 ceteri
973 901 1084 946 omnes
1100 881 1145 947 dii
1161 900 1194 949 et
1206 885 1264 950 he·

296 1014 368 1056 roes
398 1005 430 1055 et
453 1012 542 1080 reges
561 988 595 1050 in
616 985 678 1050 illis
693 985 1026 1076 'fragino-Comoediis
1049 992 1190 1059 exhiberi
1213 1017 1264 1059 soe

294 1101 420 1166 lebant:
445 1097 501 1164 sed
523 1093 692 1162 videndum
712 1096 776 1160 iam
792 1112 854 1179 est,
876 1096 1026 1186 quidnam
1041 1100 1170 1167 tandem
1186 1127 1261 1169 acu⁵

293 1211 418 1277 leorum
441 1225 473 1274 et
500 1205 705 1272 cavillationis
730 1207 788 1271 sub
814 1206 1004 1273 iocularibus
1029 1211 1095 1276 istis
1126 1212 1264 1280 inventia

293 1318 436 1387 latuerit:
461 1341 535 1383 nam
559 1339 655 1381 nemo
680 1317 773 1382 facile
801 1315 958 1383 induxerit
981 1320 1014 1383 in
1038 1321 1176 1386 animum
1198 1324 1262 1389 hac

291 1430 457 1495 festivitate
472 1450 530 1517 per
545 1449 578 1493 se
590 1417 717 1515 quidem
727 1427 892 1517 pinguiore
908 1429 1106 1516 acquiescere
1122 1434 1262 1520 potuisse

291 1538 472 1629 ingeniosos
486 1537 584 1622 viros,
600 1537 785 1626 praesertim
803 1537 856 1625 qui
868 1537 1038 1626 Antiquam
1052 1539 1262 1612 Comoediam

292 1648 453 1716 vidissent.
499 1648 680 1737 Numquam
706 1645 865 1713 desierunt
889 1648 1012 1713 Comici
1036 1650 1126 1715 huius
1150 1655 1263 1719 aetatis

216 1760 218 1767 ’
283 1760 434 1849 aequales
453 1761 598 1825 homines
616 1756 741 1845 ineptos
760 1773 814 1821 aut
827 1756 993 1845 improbos
1008 1762 1196 1826 nominatim
1211 1786 1261 1829 re·

290 1868 507 1956 prehendere,
541 1865 597 1930 sed
623 1877 744 1927 mutata
767 1879 911 1951 tempora
939 1869 1110 1934 cavillandi
1136 1894 1259 1939 morem

289 1969 483 2062 modumque
502 1973 732 2062 mitigavemnt.
778 1972 891 2036 Iocosa
908 1971 1098 2041 ridebantur
1113 1981 1260 2049 homines

287 2097 442 2176 nequam,
469 2102 608 2172 vappae,
638 2079 818 2164 helluones,
841 2081 956 2169 quique
981 2083 1077 2174 vulgo
1105 2092 1260 2158 contemti

291 2219 310 2262 a
324 2193 436 2284 quovis
456 2190 595 2258 ludibrio
610 2187 754 2254 solebant
770 2187 899 2256 baben‘t
923 2189 1048 2257 sed'diu
1064 2197 1147 2260 cauti
1163 2199 1204 2262 ab
1220 2202 1260 2266 iis

290 2306 472 2372 &inuisae
492 2299 639 2366 videntur
659 2300 799 2383 Poetae,
824 2320 903 2387 quos
916 2317 1049 2392 propter
1061 2327 1207 2396 magnam
1222 2310 1257 2374 in

289 2438 358 2508 rep.
375 2415 609 2494 auctoritatem,
624 2407 774 2502 gratiam,
789 2431 885 2500 genus
897 2426 949 2476 aut
959 2434 1035 2500 opes
1049 2436 1114 2478 non
1126 2417 1255 2506 impune

287 2543 417 2616 tangere
432 2524 618 2614 potuissent.
664 2517 788 2586 Deinde
807 2520 1030 2610 philosophos,
1055 2545 1133 2610 quos
1148 2527 1257 2619 vulgus

288 2656 402 2732 parum
421 2632 570 2713 curabat,
595 2640 649 2695 aut
664 2644 823 2718 tamquam
839 2629 945 2696 futiles
959 2630 1102 2698 homines
1118 2636 1152 2699 in
1167 2638 1257 2729 nugis

289 2760 322 2813 et
348 2743 476 2834 argutiis
498 2752 632 2806 aetatem
648 2753 848 2804 conterentes
862 2741 995 2807 mirifice
1011 2749 1252 2834 contemnebat,

288 2853 388 2922 modo
398 2853 502 2919 facete
513 2847 870 2939 perstringere,saepius
881 2852 1085 2940 popularibus
1097 2857 1253 2945 opinioni·

247 2965 253 2973 '
286 2966 346 3030 bue
368 2961 563 3029 blandientes
584 2958 671 3022 omni
692 2959 884 3024 conmmelia
897 2958 1051 3027 ludificari
1065 2985 1250 3055 coeperunt.

288 3074 420 3140 Senaere
444 3068 648 3137 Comicorum
668 3067 874 3132 acrimoniam
890 3084 922 3133 et
936 3069 1048 3157 reliqui
1061 3072 1128 3139 fere
1143 3098 1254 3145 omnes

192 3158 195 3163 ’
288 3179 488 3276 philosophi,
512 3177 568 3244 na
593 3178 746 3268 inpane
770 3177 955 3244 academie
977 3197 1010 3246 n
1031 3182 1142 3268 nato,
1166 3188 1253 3255 cna

289 3292 513 3384 disputationes
540 3303 573 3354 et
597 3288 711 3371 libros,
740 3295 901 3376 tamquam
925 3290 1051 3356 subtiles
1078 3316 1176 3385 nugas
1200 3313 1257 3375 aut,

187 3406 190 3413 “
268 3417 271 3423 ’
288 3403 470 3495 magnificas
486 3399 618 3491 arpinas
634 3398 754 3464 acerbis
769 3401 918 3464 conviciis
933 3401 1148 3490 exploserunt,
1164 3411 1249 3475 cuius

288 3516 335 3581 rei
351 3515 449 3580 multa
465 3511 606 3599 exempla
621 3508 694 3575 vide
708 3507 797 3600 ap‘ud'
808 3510 902 3600 Diog.
919 3511 1020 3578 baert,
1033 3512 1090 3580 Ill.
1111 3517 1248 3588 16-28.

289 3641 321 3690 et
343 3625 417 3688 alibi
436 3623 566 3713 passim:
592 3620 647 3688 sed
661 3643 758 3685 unum
773 3621 913 3709 quamvis
928 3623 1155 3713 longiusculum
1171 3650 1249 3719 ope-

288 3754 342 3800 rae
356 3735 493 3824 pretium
509 3748 557 3799 est
571 3754 749 3821 apponere,
772 3741 809 3795 ut
825 3747 991 3819 appareat,
1013 3737 1123 3823 quibus
1138 3754 1248 3806 conta·

218 3921 220 3924 y
288 3843 389 3908 meliis
403 3845 506 3910 virum
520 3840 715 3932 praeclarum
731 3840 873 3930 aequales
887 3845 968 3930 passi
982 3844 1045 3910 sint
1060 3845 1156 3915 affici.
1186 3851 1248 3916 Lo·

289 3973 343 4020 cua
364 3967 411 4018 cst
431 3951 585 4041 Epicratis
607 3949 690 4037 apud
712 3951 828 4016 Athen.
853 3973 925 4041 pag.
949 3951 1004 4038 59.
1026 3954 1068 4020 D.
