2618 4934
538 391 599 457 tto

76 597 131 684 qni
146 616 213 660 non
226 595 367 684 priorem
383 595 481 682 magis
502 592 676 660 editionem
691 615 784 682 quam
799 616 925 684 prorsus
938 595 1042 664 diter·

75 727 144 770 sam
157 703 297 768 fabulam
312 703 405 768 luisse
419 703 478 767 sibi
492 703 663 792 persuasit,
686 703 798 769 abusus
812 719 846 769 et
860 706 927 770 aliis
940 706 1036 792 locis,

74 813 425 904 etimprimisPnrabasi
432 811 825 901 Vesperumvsmoiysqq.
832 836 925 902 quem
932 814 1040 883 locum

28 966 34 975 ι
74 946 160 989 nunc
175 924 289 989 rectius
304 922 452 1011 explicuit
462 922 522 988 Th.
532 921 681 1012 Bergkius
696 921 736 986 ad
748 924 990 1011 Frngm.Ar12rt.
1003 947 1038 1013 p.

80 1033 175 1099 1113.
184 1057 253 1122 sqq.
269 1033 383 1098 Melius
398 1033 612 1118 acquiescetur
624 1033 675 1114 iis,
693 1054 774 1119 qtrae
788 1034 911 1122 scripsit
925 1032 1037 1100 doctus

70 1142 300 1208 Grammaticus
310 1143 482 1230 inArgtrm.
493 1141 702 1225 ult.Beklreri,
719 1165 813 1230 quern
829 1142 956 1231 quidem
970 1146 1038 1234 ipse

71 1249 916 1342 Fritrschiusl.l.p.142.Nubesprr'oretlegisseetcum
923 1255 1039 1319 nostris

70 1385 271 1451 comparasse
295 1383 360 1426 non
381 1375 495 1450 negat,
513 1374 546 1423 at
564 1383 640 1425 mox
655 1358 824 1450 (opinionis
838 1386 912 1428 suae
927 1379 1038 1453 captus

75 1471 197 1560 amore)
218 1472 262 1535 ita
276 1471 385 1560 legisse
406 1470 526 1558 arguit,
546 1472 626 1534 acsi
650 1471 795 1537 omnibns
808 1474 947 1539 sensibus
959 1473 1038 1539 luit·

73 1596 121 1646 set
147 1597 267 1671 eaptus.
313 1579 355 1644 Et
377 1579 460 1644 serio
479 1576 606 1665 quidem
622 1577 662 1644 de
681 1602 721 1645 eo
736 1581 924 1671 triumphat,
949 1582 1038 1671 quod

71 1687 186 1755 dixerit
213 1699 234 1774 ή
264 1693 434 1776 παράβασις
460 1693 513 1754 τοῦ
540 1695 626 1775 χοροῦ
653 1695 814 1772 ipsemet,
844 1713 940 1778 quum
963 1690 1039 1755 satis
1102 1764 1106 1771 ¹

71 1813 196 1864 constet
206 1812 330 1886 partem
345 1799 496 1862 maiorem
508 1820 553 1862 rs.
565 1796 747 1863 562-626.
763 1800 796 1863 in
811 1799 918 1888 priore
930 1798 1038 1865 fabula

69 1907 187 1972 lectam
211 1906 316 1977 fuisse.
360 1906 424 1971 Sed
445 1906 534 1970 illum
552 1906 661 1971 locum
677 1906 755 1972 dicit
770 1907 908 1973 eruditus
923 1907 1037 1975 Gram-

68 2018 219 2099 maticus,
243 2017 296 2079 ubi
318 2016 418 2080 Poeta
434 2038 473 2081 ex
490 2038 546 2080 sua
560 2039 695 2105 persona
715 2040 788 2082 euru
807 2019 1036 2107 spectatoribus

67 2126 275 2214 colloquitur,
299 2148 393 2213 quem
408 2110 521 2190 eximie
535 2126 715 2192 Parabeste
732 2127 902 2195 vocabant.
938 2128 1035 2198 Hunc

65 2236 160 2326 igitur
173 2236 283 2300 locum
297 2236 417 2322 primae
432 2233 580 2299 editionis
595 2237 696 2329 Poeta
710 2235 844 2319 delevit,
867 2253 901 2303 et
914 2260 1033 2307 noram

65 2343 189 2432 scripsit
203 2341 374 2406 Parabnsin
389 2363 434 2405 vs.
447 2337 717 2424 5187562.,ubt
732 2341 773 2406 de
786 2345 951 2428 iniquitate
964 2369 1034 2434 spe-

65 2469 223 2520 ctatorum
234 2451 391 2538 queritur,
407 2448 461 2535 qui
474 2470 570 2511 unam
583 2452 723 2514 omnium
736 2451 1033 2539 praestantissimam

66 2558 274 2628 comoediam
289 2556 519 2625 contumeliose
533 2558 732 2646 sprevissent.
757 2557 877 2624 Eadem
891 2556 1033 2648 indigna·

64 2672 153 2736 tione
178 2669 318 2760 explodit
340 2666 480 2731 aemulos
502 2689 632 2749 ornnes,
655 2667 709 2755 qui
731 2669 828 2733 sterili
843 2669 971 2758 ingenio
985 2691 1034 2735 ea·

65 2779 140 2845 dem
154 2802 277 2870 semper
292 2792 475 2866 arguments
490 2775 530 2843 ad
545 2774 704 2841 fastidium
717 2775 931 2844 decantarent.
950 2778 1032 2851 Enu-

63 2906 168 2956 merat
189 2905 294 2954 autem
314 2887 383 2951 illas
398 2885 603 2969 Comoedias,
626 2908 704 2974 quae
719 2903 793 2976 post
807 2887 916 2955 Nubes
930 2904 1032 2955 essent

62 3017 168 3067 actae:
198 3000 333 3090 primunr
351 2997 513 3087 Eupolidis
540 3006 688 3083 Μαρικᾶν
709 2997 836 3087 Olymp.
854 2998 1027 3068 LXXXIX.

63 3111 96 3180 3.
113 3111 160 3202 (r)
181 3110 350 3199 Hermippi
364 3107 599 3194 ’Aptondltdoee
621 3106 705 3172 brevi
712 3121 791 3194 post
802 3105 948 3192 doctam,
970 3108 1028 3172 ita·

59 3243 122 3310 que
141 3223 274 3287 tortasse
294 3219 470 3306 insequenti
491 3239 592 3300 anno;
616 3214 752 3304 denique
813 3282 816 3287 .

122 3378 220 3430 ”Attae
236 3377 263 3429 τ’
282 3378 340 3446 ἤδη
356 3376 459 3435 πάντες
476 3373 537 3445 (nit)
552 3375 706 3446 ἐρείδουσιν
724 3375 765 3436 εἰς
779 3374 965 3446 Ὑπέρβολον.

94 3663 137 3734 (1)
155 3665 308 3725 tueremur
318 3663 462 3717 loinolrius
474 3664 513 3716 Η.
523 3666 552 3716 C.
563 3665 592 3715 C.
606 3661 701 3730 ptus.
719 3660 811 3731 Bergk.
827 3663 960 3734 Commp.
968 3664 1029 3720 309.

58 3746 182 3801 Fritrtch.
202 3747 231 3798 in
246 3749 309 3799 Act.
326 3748 354 3799 S.
375 3750 424 3800 Gr.
437 3766 464 3816 p.
478 3748 538 3800 128.
555 3761 636 3814 quum
651 3762 719 3797 enno
735 3756 825 3815 quarto
839 3747 911 3800 illius
926 3748 1029 3825 Olymp-

54 3830 154 3884 doctam
178 3846 233 3881 csse
253 3829 365 3881 fibulam
385 3828 537 3900 colligerent
554 3845 588 3879 ex
600 3827 687 3882 Schol.
702 3829 774 3882 Nub.
791 3848 829 3882 rs.
844 3830 904 3884 592.
914 3832 966 3901 ’(αἱ
978 3837 1029 3885 Δι-

55 3913 218 3983 δὰσιαλὶαι)
235 3913 360 3982 cipetum
378 3913 471 3982 ῧςερον
486 3915 571 3982 τρίτῳ
585 3912 643 3964 itti
659 3914 708 3965 τὸν
722 3913 850 3985 Μαρικᾶν
865 3915 920 3968 τῶν
938 3918 1031 3981 Nept-

54 3998 116 4053 lis:
133 4015 193 4051 nam
211 3997 248 4050 tic
265 3997 386 4066 scriptum
403 3997 494 4055 iniunt
509 3997 598 4066 totels
615 3996 715 4063 isson.

833 4113 871 4175 ¹9
