2618 4934
750 358 794 425 82

292 572 430 654 transiit,
451 567 565 635 deinde
581 568 677 632 etiam
692 566 727 632 in
741 564 891 630 Photium
907 579 939 628 et
952 563 1083 631 Suidam
1097 567 1186 632 bona
1200 568 1265 636 lide

293 682 441 750 translata
453 695 510 746 est.
534 680 601 762 Βίᾳ
612 693 736 759 tamen,
750 674 837 763 quod
851 676 992 759 mireris,
1008 678 1169 746 retinuere
1181 681 1269 746 Her·

292 814 424 858 mannus
437 789 477 855 ad
490 791 574 858 Nat,
587 790 611 855 l.
626 788 650 856 l.
665 804 698 853 et
710 788 877 877 Berglrius:
893 787 990 852 velim
1004 789 1085 854 scire
1099 814 1162 878 quo
1172 815 1267 857 seusu

292 904 471 993 putaverint
487 899 684 991 capiendum.
720 897 784 962 Sed
801 900 893 961 mitto
908 898 972 962 iam
987 898 1088 983 haec,
1107 903 1180 989 quia
1192 903 1268 968 satis

296 1029 440 1079 constare
469 1013 606 1078 arbitror
628 1011 718 1073 istam
736 1009 833 1098 plagii
847 1009 1119 1093 criminationem,
1151 1028 1268 1101 utpote

290 1123 383 1188 nullis
408 1122 531 1188 idoneis
557 1121 746 1210 argumentis
772 1119 899 1201 nixam,
933 1142 1063 1207 prorsus
1085 1122 1267 1188 concidisse

295 1249 388 1322 atque
408 1232 524 1298 eadem·
534 1253 632 1320 opera
646 1229 813 1294 refutatam
835 1250 900 1293 esse
916 1229 1041 1319 Berglrii
1057 1231 1267 1319 opinionem,

294 1345 347 1431 qui
371 1343 411 1407 ob
437 1363 506 1406 eam
528 1363 673 1421 causam,
695 1340 718 1403 i.
735 1362 765 1403 e.
784 1339 827 1403 ob
843 1339 1033 1422 versiculos,
1051 1364 1131 1429 quos
1148 1343 1270 1407 eDoe·

297 1453 370 1516 dolo
399 1453 631 1541 Aristophaneo
652 1450 850 1540 surripuisset
862 1449 973 1532 Plato,
995 1451 1078 1515 inter
1098 1467 1269 1542 utrumque

295 1567 423 1651 politam
437 1560 617 1624 inimicitias
632 1581 698 1622 esse
714 1573 838 1622 exortas
851 1559 1021 1649 suspicatus
1036 1563 1129 1626 estin
1144 1562 1266 1633 Comm·

291 1694 324 1761 p.
342 1674 419 1749 421.
467 1667 556 1750 Quae
572 1669 755 1733 coniectura
770 1668 867 1731 etiam
884 1684 1052 1756 propterea
1068 1670 1156 1735 omni
1173 1688 1267 1739 caret·

292 1781 413 1869 specie,
445 1781 518 1866 quia
546 1775 725 1842 huiusmodi
737 1777 886 1841 simultas
901 1800 966 1843 non
982 1781 1066 1846 inter
1077 1803 1166 1848 senes
1180 1783 1265 1848 solet

290 1891 421 1979 agitari:
456 1911 531 1952 nam
553 1910 664 1976 parum
681 1903 840 1975 reputasse
856 1887 980 1954 videon
991 1890 1040 1952 vir
1055 1890 1261 1979 ingeniosus,

292 2021 385 2086 quam
407 2011 575 2085 provectus
591 2011 692 2061 aetate
707 1998 932 2086 Aristophanes
952 2013 1150 2087 argumenta,
1166 2003 1264 2089 quale

291 2108 350 2173 fuit
364 2107 521 2189 Daedali,
546 2108 606 2171 sibi
621 2104 784 2172 tractanda
799 2106 954 2173 sumserit.

330 2220 374 2281 At
386 2219 481 2307 longe
494 2218 624 2283 diversis
639 2217 679 2282 de
692 2219 791 2283 causis
805 2221 890 2284 iuter
898 2218 1139 2308 Aristophanem
1148 2218 1264 2286 etPla-

293 2346 419 2411 tonem,
443 2329 539 2393 ambo
563 2345 665 2395 aetate
683 2327 822 2394 fervidos
836 2344 869 2393 et
883 2328 993 2393 avidos
1009 2330 1152 2412 honoris,
1176 2353 1266 2396 exar-

269 2441 365 2505 vsisse
391 2439 581 2504 simultatem
607 2441 686 2505 mihi
715 2440 905 2528 comperisse
924 2438 1052 2504 videorz
1071 2439 1155 2526 quod
1170 2463 1266 2532 argu-

289 2565 431 2615 mentum
456 2549 642 2616 subtimidus
667 2546 835 2639 aggredior
852 2573 1027 2640 exponere,
1045 2553 1196 2639 quoniam
1211 2576 1263 2619 ra·

289 2662 393 2725 bones
408 2658 520 2745 quibus
536 2661 597 2725 erit
610 2658 797 2740 nitendum,
821 2680 967 2747 magnam
983 2677 1106 2750 partem
1119 2648 1186 2727 tion
1200 2664 1262 2728 nisi

287 2769 479 2857 suspiciones
506 2788 573 2834 esse
596 2761 759 2828 fatendum
781 2779 845 2846 est,
870 2789 936 2831 uon
950 2771 1174 2859 improbabiles
1189 2773 1262 2839 illas

289 2876 431 2966 quidem,
449 2876 522 2958 sed,
546 2875 572 2938 si
588 2873 660 2962 quis
673 2874 718 2939 ita
731 2873 824 2956 velit,
841 2874 988 2946 incertas.
1026 2881 1136 2968 Neque
1150 2899 1261 2953 tamen

287 2985 393 3054 omnia
413 2984 563 3078 speciosis
588 2985 779 3050 coniecturis
800 3001 893 3051 erunt
913 2990 1172 3076 superstmenda‚
1200 2982 1266 3060 sesi

287 3100 463 3188 praemissis
488 3117 570 3184 quae
602 3094 782 3162 indubitata
808 3113 950 3164 veterum
979 3117 1259 3170 monumentorum

286 3208 348 3274 lide
375 3220 521 3273 constant
542 3206 719 3272 ridebimus
741 3206 856 3273 deinde
878 3207 991 3296 ecquid
1006 3207 1047 3272 ad
1063 3231 1133 3273 eam
1148 3210 1256 3280 lucem

289 3320 367 3384 alios
385 3315 538 3405 quosdam
556 3317 663 3402 locos,
692 3318 746 3406 qui
768 3318 913 3383 adhunc
939 3318 1024 3384 diem
1046 3320 1148 3386 minus
1169 3341 1255 3390 recte

286 3429 412 3494 fuerunt
431 3428 571 3518 expliciti
591 3444 645 3492 aut
666 3429 763 3493 etiam
784 3429 991 3519 interpretum
1012 3452 1142 3520 operam
1158 3434 1255 3500 eluse·

284 3554 375 3621 runt,
398 3538 520 3604 felicius
542 3539 709 3605 enucleare
723 3540 887 3628 possimus.
909 3626 911 3633 Ι

329 3650 461 3712 Constat
481 3650 646 3715 Platonem
662 3652 696 3714 in
713 3649 819 3715 labala
833 3659 872 3719 N
871 3653 950 3728 ι’καις
972 3651 1188 3739 Aristophanis
1203 3673 1253 3714 ar·

283 3772 468 3847 gumentum
485 3762 583 3824 Pacis
598 3760 707 3826 odiose
727 3761 905 3851 explosisse.
953 3743 1054 3826 Testis
1078 3772 1126 3824 est
1142 3760 1255 3826 docus

282 3865 459 3931 Scholiasta
478 3867 618 3934 Platonis
639 3869 680 3935 ad
700 3872 834 3961 Apolog.
852 3895 926 3963 pag.
946 3872 1021 3938 330.
1039 3893 1086 3959 sq.
1106 3871 1248 3938 Belkeri.

280 3979 487 4062 ’Aniensem
515 3985 535 4045 ό
559 3983 782 4064 κωμῳδιοποιὸς
807 3981 1032 4070 palaestricis,
1069 3985 1251 4068 ἐκωμῳδεῖτο
