2618 4934
623 391 666 457 tt

215 595 306 659 Circa
328 596 408 662 haec
424 597 491 684 ipsa
504 610 649 684 tempora
664 598 779 685 scripta
793 593 916 661 videtur
930 594 1070 660 Platonis
1084 598 1131 661 la·

169 706 243 771 bula
257 708 425 793 Περιάλγης
445 705 530 795 (nam
545 706 591 771 sio
605 705 809 772 scribendum
823 706 905 772 inira
919 705 1133 796 ostendemus)

169 818 234 883 sive
262 818 433 906 Quernlns,
456 818 510 904 qui
529 817 638 903 iniquo
663 817 769 880 animo
789 818 1004 905 perturbatam
1027 839 1132 905 remp.

143 1005 144 1008 g
170 944 203 994 et
218 928 314 992 malas
328 944 410 995 artes
425 929 680 1013 Demagogoruna
695 925 817 1008 lenens,
837 928 1015 1015 asperrimis
1030 949 1137 992 moro·

170 1039 273 1125 sisque
293 1038 425 1126 querelis
447 1036 482 1100 in
500 1035 631 1100 istorum
646 1036 721 1100 vitia
736 1051 769 1100 et
785 1033 902 1126 flagitia
916 1037 1135 1103 invehebatur.

169 1145 233 1213 Sed
254 1146 295 1214 de
315 1149 376 1213 hac
396 1145 503 1210 fabula
524 1144 638 1211 deinde
659 1146 750 1236 plura
772 1146 1007 1236 disputabimus.

165 1284 170 1303 ι
213 1240 746 1346 Ρτᾶᾱθτᾝυίὶιεωοᾱὶωςιιιηοηῑα,
767 1258 801 1322 in
817 1258 926 1345 quibus
941 1263 1055 1346 poetae
1071 1255 1138 1321 cal-

104 1405 107 1408 *
165 1364 235 1432 lide
258 1365 332 1453 quid
358 1367 510 1432 sentirent
529 1365 570 1432 de
594 1390 661 1455 rep.
683 1357 809 1432 urbanis
830 1384 862 1432 et
884 1366 996 1456 lepidis
1010 1365 1138 1430 involu-

128 1546 129 1550 ,
169 1477 231 1541 cris
255 1490 288 1541 et
309 1497 367 1566 per
388 1475 533 1568 ambages
553 1476 786 1566 significabant,
811 1478 988 1564 saepissime
1008 1475 1048 1541 de
1066 1477 1137 1540 aliis

169 1586 261 1651 rebus
280 1587 314 1650 in
334 1586 449 1651 fabulis
463 1586 625 1652 ludebant.
645 1621 649 1628 .
671 1585 753 1649 Nam
768 1607 833 1649 non
850 1585 952 1650 solum
967 1587 993 1649 si
1010 1584 1087 1673 quid
1101 1587 1137 1650 in

168 1719 237 1785 rep.
267 1711 299 1760 et
324 1720 342 1760 a
368 1695 758 1784 moderatoribuspopuli
784 1693 877 1758 stulte
905 1711 957 1758 aut
983 1693 1138 1785 flagitiose

168 1823 312 1896 ageretur
338 1807 437 1871 multa
461 1828 534 1869 cum
559 1805 705 1868 libertate
730 1805 922 1895 carpebant,
955 1804 1011 1870 sed
1039 1807 1135 1870 etiam

162 1912 319 2002 quidquid
333 1917 367 1978 in
377 1904 575 2001 singulorum
588 1914 651 1976 vita
664 1929 702 1976 ac
717 1914 873 1998 moribus,
890 1932 944 1981 aut
955 1917 988 1980 in
1001 1904 1133 1981 consue·

164 2021 275 2087 audine
298 2037 332 2086 et
353 2021 502 2085 institutis
521 2021 618 2086 totius
640 2021 750 2111 populi
765 2023 840 2087 viris
853 2025 952 2088 acutis
967 2022 1134 2089 videbatur

163 2129 478 2222 reprehendendum,
505 2123 540 2195 id
559 2132 658 2197 libers
684 2147 717 2198 et
735 2116 939 2197 urbanissime
961 2130 1132 2204 dicacitate

164 2240 386 2332 explodebant.
430 2242 568 2307 Nimiam
588 2227 806 2307 etridiculam
827 2240 1063 2316 Atheniensium
1078 2267 1130 2325 φι·

165 2353 304 2421 ladislao
329 2368 394 2416 tam
419 2352 497 2416 scite
523 2353 598 2419 lusit
621 2353 655 2418 in
685 2353 798 2440 Vespis
824 2353 1078 2442 Aristophanes,
1093 2351 1131 2420 nt

155 2488 261 2530 'nemo
281 2462 460 2528 salsioribus
479 2463 558 2528 ioo'i's
578 2479 644 2528 tam
659 2461 822 2552 praeclara
837 2463 967 2526 canalia
982 2486 1131 2552 umquam

166 2573 367 2640 condiverit·
398 2575 524 2640 Comici
539 2587 648 2639 omnes
664 2586 859 2638 contemtum
875 2572 1008 2638 deomm
1025 2591 1058 2639 et
1074 2599 1137 2641 no-·

162 2679 218 2750 sal
241 2679 408 2774 religiones
436 2699 468 2749 'et
490 2686 630 2772 ineptam
653 2685 905 2771 superstitionem
932 2700 964 2749 et
987 2681 1131 2774 iniquum

160 2789 331 2883 imperium
352 2810 386 2858 et
401 2794 462 2858 alia
474 2795 550 2856 vitia
565 2793 684 2857 civibus
699 2794 762 2856 suis
776 2794 819 2856 ita
836 2795 1127 2884 exprobraverunt,

163 2919 201 2969 ut
223 2905 364 2993 quamvis
383 2902 520 2968 ridentes
541 2925 612 2965 non
627 2901 694 2966 sine
715 2924 822 2968 morsu
843 2904 974 2970 domum
989 2904 1130 2973 discede·

160 3030 236 3082 rem
254 3029 458 3106 spectatores.
504 3011 739 3079 Labefactatam
764 3014 917 3082 maiorem
930 3016 1129 3105 disciplinam

163 3142 198 3193 et
218 3123 323 3192 mores
343 3138 510 3213 eormptos
527 3141 622 3212 saepe
646 3125 761 3190 aeriter
782 3128 994 3216 exagitabant:
1017 3125 1132 3217 depra-

62 3240 64 3245 “
166 3239 234 3305 vari
261 3239 455 3301 iuventutem
481 3235 620 3300 Atticam
646 3236 854 3325 sophistamm
877 3236 1003 3326 argutiis
1020 3253 1131 3302 acutos

164 3355 274 3437 poetas
296 3351 367 3408 non'
381 3343 489 3409 latuit:
514 3366 590 3436 ergo
612 3352 736 3410 sensere
750 3340 909 3436 sophistae
922 3348 1127 3413 Comicorum

166 3442 388 3538 acrimoniam:
400 3458 454 3519 ''ne
469 3451 663 3544 philosophis
679 3456 805 3542 quidem
822 3444 1050 3545 pepercerunt,
1076 3483 1129 3524 ne·

164 3568 228 3655 *qim
252 3566 335 3631 solus
351 3561 604 3656 Aristophanes,
628 3562 685 3630 sed
708 3565 851 3655 Eupolis,
876 3566 1053 3656 Amipsias,
1078 3559 1130 3634 alii

165 3678 308 3741 Atticum
324 3679 431 3763 εἴρωνα
441 3677 620 3758 Socratem,
631 3676 776 3740 nonnihil
787 3677 832 3741 ita
844 3677 1007 3761 meritum,
1021 3698 1131 3766 aspere

166 3789 405 3879 castigaverunt.
451 3784 515 3851 Sed
542 3810 619 3877 prae
649 3787 799 3884 omnibus,
824 3788 976 3852 acerrima
1004 3787 1066 3852 tela
1097 3789 1130 3853 in

166 3892 303 3984 magicos
319 3892 545 3962 coniiciehant:
561 3896 620 3984 ipsi
632 3892 784 3987 praeclari
797 3893 995 3989 ingeniorum
1009 3913 1042 3961 et
1055 3905 1131 3986 poe·

164 4029 234 4072 seos
257 4022 449 4095 spectatores
472 4027 539 4072 aaa
554 4007 828 4097 aolumaquidquid
850 4005 1004 4072 tumidum
1017 4024 1130 4074 esatet
