2618 4934
584 412 674 478 ‘'lll

210 622 353 709 Apparet
376 617 559 685 alterutrum
579 613 704 680 ulterius
725 617 835 704 copias
850 617 1052 706 compilasse:
1079 641 1132 685 ne·

166 753 228 818 que
254 726 387 793 arduum
409 742 476 807 est,
508 724 656 812 opinor,
674 724 860 814 dignoscere
883 727 997 793 furem.
1048 728 1130 794 Nam

164 839 280 904 doctus
303 836 521 925 Aristophanis
540 837 711 922 interpres,
735 857 830 922 quem
850 837 1013 924 antiquum
1039 837 1131 903 luisse

163 947 414 1014 Grammaticum
436 944 683 1009 Alexandrinum
705 967 743 1009 er
758 947 821 1011 hoc
836 947 911 1012 loco
926 947 1019 1012 facile
1035 970 1131 1036 agno·

162 1059 279 1139 scitur,
310 1056 429 1122 collato
458 1077 532 1121 cum
555 1071 697 1122 annotat.
724 1055 765 1121 ad
786 1058 938 1147 Equites,
965 1081 1010 1124 vs.
1039 1081 1130 1148 1107.

183 1191 222 1234 10
245 1169 276 1234 6.

164 1167 179 1255 (
222 1191 243 1254 9
279 1167 293 1257 )
573 1271 767 1342 ἐπιτρέπωσιν
781 1277 894 1325 τουτονί

350 1363 577 1436 superformis
594 1361 809 1416 κάναπαιδεύειν
824 1365 907 1416 πάλιν

163 1498 220 1563 uhi
247 1497 429 1587 adscripsit:
462 1497 536 1566 ὅλον
563 1502 598 1563 τὸ
624 1501 766 1586 ἰαμβικὸν
794 1503 972 1587 παρῴδησεν
993 1504 1055 1571 ἀπὸ
1077 1509 1129 1570 τοῦ

163 1610 291 1696 Πηλέως
315 1609 525 1692 Eopoulae'ovc,
550 1611 568 1672 ὃ
591 1613 629 1692 δὴ
646 1613 699 1675 stul
722 1615 756 1678 ἐν
777 1613 935 1694 Νεφέλαις
956 1615 1132 1700 proloquar

163 1723 244 1811 (imo
258 1720 460 1809 παρέθεμεν);
471 1722 556 1786 hunc
566 1721 663 1811 igitur
677 1723 821 1811 apposite
836 1721 876 1788 ad
891 1724 1010 1788 Poetae
1023 1724 1131 1789 locum

164 1831 310 1898 ridemus
324 1831 485 1927 prouerbii
498 1831 584 1896 illius
600 1833 689 1897 varia
703 1833 847 1921 exempla
862 1856 903 1898 er
917 1833 984 1899 aliis
999 1834 1133 1923 scripto·

168 1940 255 2006 ribus
280 1938 498 2007 adducentem.
548 1942 594 2005 At
619 1940 820 2006 Aristobulus
844 1940 957 2007 iisdem
982 1942 1132 2030 exemplis

167 2051 262 2116 stulte
284 2050 440 2134 abutitur,
469 2067 506 2115 ut
534 2051 763 2140 Antiphontem
790 2067 823 2116 ct
849 2051 1016 2121 Platonem
1040 2053 1133 2117 istam

164 2159 397 2249 proverbialem
418 2159 606 2225 sententiam
621 2182 661 2224 ex
674 2159 835 2247 Sophocle
861 2177 895 2225 et
917 2160 1130 2250 Theopompo

157 2270 289 2360 furatos
307 2292 377 2332 esse
398 2267 557 2334 ostendat.
601 2267 726 2355 Nugae!
773 2268 856 2333 Tum
871 2273 967 2338 etiam
982 2271 1016 2336 id
1031 2255 1136 2361 ἱριιιιιι

167 2380 266 2444 homo
285 2378 389 2442 fatuus
403 2391 469 2441 tam
482 2373 598 2441 insulse
613 2377 796 2459 proposuit,
819 2389 856 2436 ut
870 2376 944 2460 quid
958 2380 1019 2443 sibi
1034 2381 1131 2462 velit,

167 2484 401 2579 propemodum
424 2485 608 2551 coniectura
622 2481 663 2543 sit
675 2479 898 2568 indagandum.
942 2484 1134 2552 Meinelriurn

171 2615 260 2666 certe
283 2598 362 2663 olim
385 2597 419 2661 in
441 2588 586 2659 fraudem
608 2586 732 2657 induxit
755 2590 789 2657 in
818 2590 962 2679 Quaestt.
978 2594 1068 2659 Scen.
1091 2596 1133 2661 H.

169 2733 244 2800 pag.
262 2709 315 2796 69.
340 2707 395 2798 qui
411 2727 450 2771 ex
464 2703 526 2768 isto
539 2700 615 2767 loco
631 2700 814 2768 confecerat
828 2718 902 2768 aute
915 2719 1052 2771 mortem
1068 2706 1135 2770 An·
1158 2780 1169 2807 Ι

171 2820 325 2908 tiphontis
343 2819 585 2905 Theopomptun
596 2812 759 2902 scripsisse
771 2812 907 2898 fabulas3
930 2813 986 2881 sed
1000 2832 1088 2882 recte
1101 2818 1135 2883 in

170 2929 305 3019 repetita
324 2927 464 2993 editione
477 2921 511 2989 id
527 2939 630 2989 totum
645 2922 774 2990 delevit.
821 2924 902 2991 'l'um
916 2925 1046 2994 indocte
1061 2930 1133 2994 Ari·

169 3038 310 3104 stobulus
334 3037 454 3102 nomini
479 3034 613 3102 mum
634 3033 825 3122 praemisito‘
845 3036 1023 3122 palemone,
1048 3038 1134 3127 quod
1186 3079 1188 3084 .

170 3148 402 3214 inconsiderate
424 3147 555 3236 arripnit
575 3145 735 3233 Toupius,
758 3146 895 3215 Emeud.
919 3157 954 3213 in
972 3149 1060 3216 Suid.
1077 3150 1133 3214 ΠΙ.

171 3282 243 3349 pag.
263 3258 315 3338 54.
349 3259 511 3338 Plutonis,
541 3263 571 3320 ri
593 3254 657 3319 dau
670 3256 793 3343 placet,
818 3261 986 3324 versiculus
998 3282 1061 3323 nou
1079 3281 1134 3323 co·

173 3370 265 3452 miei,
294 3370 353 3434 scd
377 3366 559 3458 philosophi
581 3378 643 3448 est,
675 3366 761 3455 quod
785 3388 836 3429 me
858 3367 968 3433 docuit
995 3368 1135 3432 Clemens

172 3479 271 3543 Alex.
285 3477 339 3544 lid.
352 3480 410 3545 Vl.
445 3478 528 3542 Nam
539 3477 572 3541 in
588 3475 721 3541 Platone
736 3474 813 3541 nihil
827 3479 983 3564 reperitur
996 3499 1059 3563 quc
1074 3478 1133 3543 istc

169 3587 260 3650 locus
275 3584 384 3649 referri
397 3585 496 3675 possit
512 3583 588 3672 (vid.
603 3584 742 3650 Meinek.
758 3584 792 3647 in
806 3585 936 3673 Frugm.
954 3585 1040 3651 Com.
1058 3607 1130 3676 pag.

174 3693 281 3776 ssu),
306 3709 339 3758 et
363 3698 464 3761 oratio
488 3696 582 3787 ligata
605 3717 712 3760 aurem
729 3694 929 3759 exercitatam
943 3693 1052 3761 fallere
1067 3677 1140 3761 non

174 3821 290 3896 potest.
336 3803 400 3870 Sed
420 3806 514 3870 simul
539 3827 633 3871 nemo
656 3784 833 3869 admonitus
847 3803 940 3871 facile
954 3807 1130 3894 negaverit,

173 3917 375 3998 sententiam,
401 3917 639 4004 quaeGomicc
666 3914 832 3997 tribuitur,
859 3938 925 3981 esse
954 3917 1129 3983 absurdam.

178 4027 280 4111 Quid,
304 4049 444 4116 quaeso,
459 4042 523 4093 est:
545 4027 660 4094 .»Num
686 4038 909 4115 repuerascam
927 4027 1047 4108 seced,
1068 4043 1136 4091 tum
