2618 4934
550 400 589 466 dl

103 613 106 618 '
119 603 240 684 Quaeri
261 605 357 669 mam
377 616 501 691 potest,
524 603 667 690 quisnam
682 604 730 671 bis
744 606 940 696 temporibus
953 632 1044 702 prae.-

73 732 123 780 ter
134 712 334 779 Alcibiadem
346 736 383 778 ea
391 711 475 803 apud
487 712 613 802 plebem
624 715 724 805 gratia
736 717 882 802 valuerit,
893 730 945 802 ut,
956 720 1045 808 quod

73 825 221 891 omnihus
249 840 318 888 erat
339 823 594 889 iucundissimum
621 843 852 915 perpetuaeque
877 828 1042 896 hilaritatis

71 935 143 1000 fons
166 935 356 1014 mamimus,
380 931 417 1018 id
436 934 526 1000 unius
541 932 682 1023 cupidini
699 959 811 1024 sponte
826 938 1039 1028 gratificarer·

71 1061 140 1111 tur:
165 1045 224 1109 nisi
248 1045 316 1132 quis
336 1043 536 1131 Syracosium
557 1045 670 1129 istum,
692 1047 836 1135 ignotam
852 1064 884 1112 e*-
897 1050 1041 1139 ineptum

67 1155 245 1236 bominem,
256 1151 291 1219 id
305 1176 362 1218 sua
376 1153 476 1242 gratia
490 1153 674 1244 impetrasse
687 1157 721 1223 in
735 1158 876 1225 animum
886 1159 1038 1227 inducere

68 1263 178 1351 possit.
210 1280 214 1287 ·

111 1373 236 1437 Interea
258 1372 369 1460 ingens
392 1369 524 1436 Athenis
548 1370 718 1460 trepidatio
743 1389 816 1442 orta
839 1389 898 1443 est.
950 1376 1036 1444 Dum

65 1481 187 1546 bellum
212 1503 333 1546 summa
359 1502 423 1568 ope
446 1495 594 1568 paratur,
618 1481 757 1554 Hermae
778 1505 890 1553 omnes
910 1503 1042 1574 praeter¹

64 1615 162 1657 unum
185 1615 248 1656 una
268 1607 364 1658 noete
386 1588 588 1659 deliciantur.
634 1591 728 1661 Plebs
743 1593 837 1659 variis
850 1595 934 1663 curis
949 1597 1037 1666 solli·.

65 1701 127 1769 cita
143 1719 177 1767 et
196 1701 288 1766 anne
302 1715 465 1784 metuens,
482 1723 522 1767 ne
538 1723 601 1788 qua
617 1702 782 1789 repentina
796 1702 842 1772 vis
856 1703 1039 1773 libertatem*

64 1813 275 1899 opprimeret,
301 1810 460 1876 acerrimis
476 1811 711 1897 quaestionibus
727 1829 795 1879 erat
810 1813 942 1883 intenta.
975 1815 1038 1883 Ne·
1143 1842 1146 1849 ⁴

64 1922 229 2008 quissimus
251 1921 379 2008 quisque
401 1943 457 2009 spe
471 1920 554 1988 lucri
568 1921 646 1987 falsa
659 1920 778 1991 indicia
792 1923 827 1990 in
840 1924 925 1991 viros
940 1926 1034 1994 nabi·

64 2031 111 2097 les
138 2030 179 2096 ad
201 2033 396 2121 suspicacem
419 2031 547 2120 plebem
568 2029 730 2101 deferunt:
756 2034 870 2124 optimi
895 2035 978 2101 cives
998 2036 1033 2104 iu

63 2141 187 2207 vincula
209 2143 386 2208 trahuntur.
433 2142 472 2209 In
494 2143 555 2209 heo
576 2141 789 2231 trepidatione
809 2144 965 2231 perlatum
985 2169 1034 2214 at·

63 2252 167 2317 bitror
180 2253 376 2340 psephisma,
392 2274 455 2339 qno
473 2251 666 2319 Comoediae
680 2240 809 2319 licentia
824 2277 965 2343 represso
973 2271 1040 2327 est„

62 2361 192 2426 Scilicet
209 2361 417 2449 plurimorum
431 2365 597 2442 intererat,
613 2377 648 2425 ut
665 2385 706 2429 ne
721 2385 777 2426 sua
792 2361 908 2451 flagitia
925 2366 1043 2453 palam'

62 2473 306 2560 emtigarentur:
337 2487 370 2537 et
392 2471 550 2561 plerisque
573 2469 669 2533 etiam
694 2470 826 2556 plebeiis
850 2472 1032 2543 bominibus
1082 2505 1085 2511 “

60 2580 160 2647 videri
181 2583 285 2671 potuit
306 2606 325 2648 e
345 2605 415 2669 rep.
434 2600 515 2661 esse,
538 2594 573 2644 ut
588 2578 798 2644 contumeliae
814 2585 980 2667 poetarum
994 2583 1042 2649 inv

59 2714 136 2771 eos,
164 2714 338 2781 aquomm
361 2691 476 2753 virtute
501 2689 618 2754 bellica
642 2711 680 2755 ex
702 2688 874 2777 longinqua
900 2689 1039 2780 expedis,

57 2802 148 2866 tione
163 2802 300 2890 gloriam
312 2816 344 2866 et
359 2822 435 2889 opes
451 2799 649 2866 confidenter
664 2801 906 2888 exspectabant,
920 2802 953 2868 in
973 2801 1028 2870 ali»

58 2909 148 2999 quod
171 2927 257 2977 certe
286 2928 406 3001 tempus
434 2926 747 3001 compescerentur.¹
777 2909 866 2991 Quos
893 2909 1040 2981 tomara

56 3045 125 3111 rep.
153 3045 249 3110 saepe
272 3038 420 3112 proterve
442 3022 620 3104 irriserant,
642 3020 755 3087 mobili
776 3021 1039 3112 homines.iuge··

58 3132 130 3214 nio,
156 3131 284 3197 eosdem
307 3133 340 3197 iu
363 3134 455 3198 rebus
478 3130 597 3213 dubiis,
620 3131 667 3195 uti
688 3129 742 3212 fit,
769 3131 866 3199 nimia
889 3130 1025 3202 admira.-

57 3242 145 3306 tione
166 3259 198 3311 et
223 3244 421 3309 observantia
443 3240 608 3306 colebant:
632 3240 708 3307 binc
722 3261 843 3309 summa
856 3242 956 3331 gratia
970 3261 1035 3309 aa*

56 3349 164 3414 lebant
187 3351 270 3440 apud
289 3353 444 3442 populum
467 3351 602 3415 iamiam·
615 3350 650 3415 in
670 3348 884 3439 gmvissitnam
897 3347 1033 3438 expedi,
1125 3355 1128 3361 '

56 3461 177 3524 tionem
202 3462 373 3548 profecturi
398 3460 516 3543 duces,
543 3476 575 3526 et
600 3476 672 3528 ante
697 3471 807 3530 omues.
829 3457 1034 3528 Alcibiades.

55 3570 162 3656 Atque
180 3567 225 3634 ita
247 3570 351 3639 denuo
371 3587 458 3638 metu
481 3569 559 3660 legis
583 3576 697 3659 poetae
711 3568 885 3655 prohibiti,
904 3589 1016 3651 aaut,

57 3699 136 3766 quae
152 3674 193 3743 de
207 3699 274 3765 rep.
284 3677 391 3767 ⁷deque
406 3679 552 3751 oou'eiliis¹
561 3677 808 3767 deutegugurnm
822 3676 1026 3762 sautiabant,-

56 3787 153 3859 libere
178 3809 217 3865 ae
236 3786 641 3879 palamproioquereutur,
665 3788 838 3876 reatuque
851 3787 901 3860 ¹td
922 3788 1034 3886 aliumg

54 3900 215 3967 materiam
234 3899 434 3986 formamque
446 3900 642 3989 ,coniugem
665 3900 698 3969 ia
717 3922 778 3988 qua
799 3915 832 3967 et
856 3899 1021 3989 ingenium·

56 4007 440 4100 lepidumz'mtenderent,
455 4023 502 4080 et
526 4010 812 4083 laeefiis'aculeum
830 4011 1029 4105 habentibm,

846 4119 866 4182 6
