2618 4934
532 350 576 414 89

57 559 122 626 Tb.
140 555 306 646 Bergkius,
326 555 383 642 qui
405 554 440 618 iu
464 552 636 621 commu.
665 572 737 643 pag.
759 556 831 643 187.
854 579 971 626 novam
985 561 1034 626 in.

57 667 323 759 terpretationem
336 664 457 746 attulit,
471 662 506 726 in
521 685 582 750 qus
597 663 656 726 viri
672 666 885 756 peringeniosi
900 688 1034 739 acumen

56 798 126 845 non
150 791 294 867 apparet.
338 773 520 862 Suspicatus
543 773 631 836 cuim
654 773 901 862 Aristophanem
927 777 1034 847 dicere

54 890 195 955 voluisse
216 886 343 975 poesin,
366 905 448 973 quae
469 895 544 946 ante
562 882 825 971 Pcbponnesiact'
841 886 915 952 betti·
929 897 1036 956 incon·

55 999 146 1064 dium
161 1006 196 1061 tn
205 1015 359 1061 summum
364 993 540 1079 fastigium
556 1005 662 1055 evecta
676 993 855 1079 videbatur,
870 1005 935 1062 him
950 1013 1036 1064 rutro

54 1117 151 1198 quaet
174 1113 270 1173 ruina
294 1101 435 1192 quadam
458 1101 593 1166 revolvi:
621 1101 718 1190 idque
738 1102 864 1171 duobus
886 1111 1036 1199 exemplis

54 1218 229 1299 iilustrare,
258 1211 451 1301 Sophoclis,
480 1234 574 1298 quem
600 1209 641 1276 de
664 1214 797 1302 pristina
823 1221 1035 1306 generositate

54 1328 218 1395 recessisse
232 1337 464 1412 conqueratur,
484 1337 517 1385 et
532 1322 669 1407 Cratini,
680 1325 734 1411 qui
750 1349 789 1390 ex
803 1350 868 1415 quo
877 1329 1034 1397 Lacedae

58 1438 175 1503 moniis
198 1436 414 1503 incursionem
439 1431 629 1497 facientibus
649 1434 748 1499 cellae
770 1444 912 1502 vinariae
932 1453 1034 1504 vasta·

58 1561 188 1631 rentstr,
211 1547 297 1611 nihil
308 1565 478 1633 mugnM,
503 1542 587 1606 nihil
599 1543 810 1610 admiratione
822 1547 951 1636 dtgnum
960 1575 1036 1639 pro·

49 1671 188 1750 poneret
207 1665 242 1722 in
261 1655 382 1735 medio,
405 1667 501 1742 atque
524 1653 605 1717 adeo
618 1653 683 1718 sibi
696 1663 762 1720 iam
777 1670 917 1722 mortuus
925 1669 1035 1747 potius

55 1792 154 1860 qnam
178 1776 264 1832 vim
283 1765 448 1830 videratur.
483 1763 548 1830 Sed
570 1765 620 1829 vir
633 1781 743 1831 acutus
757 1767 826 1854 ipse
841 1790 908 1831 non
921 1767 1034 1834 diffite-

57 1880 172 1961 bitur,
199 1876 343 1973 opnor,
371 1893 474 1965 paens
500 1873 672 1941 ridiculum
697 1897 764 1942 asse
794 1876 904 1943 induci
930 1880 1035 1968 ipsum

59 1986 303 2076 Aristophanem
335 1995 586 2074 conquerentem
618 1984 660 2050 de
689 1987 823 2076 ponens
859 1987 966 2054 studio
1002 2007 1034 2055 et

58 2097 152 2164 laude
175 2099 209 2162 in
228 2098 317 2187 peius
338 2112 466 2178 ruente,
490 2094 578 2184 quod
593 2094 757 2162 Cratinum
771 2093 894 2164 seilicet
909 2116 928 2162 e
942 2101 1032 2164 senio
1122 2091 1126 2100 ⁸

58 2210 218 2301 ingenium
241 2207 403 2272 deiiceret.
446 2208 599 2293 Suspicor
621 2206 706 2270 aliud
726 2206 805 2295 quid
825 2208 943 2294 latere,
967 2233 1032 2299 quo

58 2320 223 2386 intellecto
249 2315 455 2406 dispolientur
478 2315 629 2378 tenebrae
651 2329 684 2376 et
706 2317 932 2383 urbanissimus
945 2321 1035 2409 inge·

56 2432 139 2496 niosi
154 2427 375 2516 Aristophanis
389 2427 480 2489 iocus
494 2421 709 2486 revocabitur.
744 2423 887 2487 bacones
900 2426 952 2488 isti
966 2450 1033 2492 non

55 2541 170 2611 armati
196 2562 256 2628 per
276 2537 432 2602 Isthmum
450 2530 583 2622 ingressi
604 2546 695 2596 eraut
710 2532 866 2617 Atticam,
887 2533 944 2599 sed
957 2559 1033 2624 pro·

58 2650 185 2715 dietant
197 2649 231 2712 in
248 2666 395 2725 socnam,
418 2657 550 2708 auctore
564 2637 718 2707 Platone:
746 2656 784 2707 ut
798 2644 896 2710 verbo
911 2643 1033 2732 dicam,

56 2757 274 2849 significantur
296 2753 439 2819 Platonis
463 2760 630 2833 Λάκωνες,
657 2774 754 2840 quam
778 2753 916 2822 tabulam
940 2780 1032 2849 supe·

54 2870 145 2935 riore
164 2889 267 2949 anno,
292 2885 356 2954 quo
370 2865 514 2930 Cratinus
529 2880 598 2930 erat
615 2879 776 2948 mortuus,
796 2864 961 2934 doonemtt
977 2893 1031 2936 ex.

53 2979 205 3045 lribuerat
232 2993 334 3042 autem
356 2976 390 3042 in
414 2999 453 3040 ea
475 2974 643 3039 hominum
658 2973 904 3044 temulentorum
920 2982 1030 3046 eonvi-
1070 3040 1073 3044 .

56 3088 162 3168 dum,
190 3087 248 3174 qui
267 3086 367 3150 stimio
390 3106 482 3150 mero
505 3080 625 3146 madidi
645 3099 678 3148 et
692 3083 767 3150 alias
783 3088 890 3152 nubas
904 3088 1028 3154 dedisse

54 3197 204 3264 videntur
224 3195 342 3261 etvini
365 3191 489 3259 dolium
509 3192 544 3256 iu
558 3193 694 3258 snnnhn
709 3192 893 3286 diffmgiue.
939 3198 1028 3280 Quos

57 3307 228 3372 cachinnos
257 3322 405 3395 putenms
430 3303 637 3369 Athenienses
657 3303 815 3372 stutulisse
840 3302 875 3372 in
901 3308 1029 3398 lepidis·

56 3415 140 3480 simo
162 3416 309 3497 invento,
330 3436 396 3504 quo
411 3429 502 3478 atrox
517 3414 651 3497 malum,
668 3418 704 3480 ad
719 3420 793 3506 ,rode
805 3426 958 3494 Moror
967 3425 1025 3504 iit·

55 3525 176 3615 βαλεῖν,
186 3522 228 3588 ad
239 3525 335 3589 risam
346 3529 516 3612 iocumque
527 3525 784 3592 materenses:
798 3543 832 3592 et
842 3547 937 3614 quam
947 3531 1028 3597 bene

55 3656 134 3702 cnm
154 3633 214 3696 ists
229 3631 391 3698 mannum
406 3634 585 3714 invasione,
609 3655 703 3720 quarn
717 3637 786 3725 ipse
801 3639 946 3705 Cratinus
959 3665 1029 3732 spe·

56 3758 218 3825 metat,
233 3743 434 3832 coniungitur
448 3766 541 3808 musa
556 3744 776 3834 aegritudinis,
793 3768 872 3836 quae
886 3751 1031 3819 vinosum

57 3858 194 3924 rosum
208 3855 347 3920 necavit.
371 3852 435 3919 Sed
444 3876 513 3920 non
524 3855 637 3920 attinet
651 3876 904 3927 commemorare
916 3881 1033 3952 quanta

57 3968 130 4034 iace
146 3967 237 4032 iocus
252 3964 471 4053 Aristophanis
486 3966 534 4033 sie
548 3963 726 4068 intellectus
740 3969 923 4059 splendeat,
947 3973 1033 4062 qnod

846 4105 881 4144 12
