2618 4934
515 355 572 439 Ι87

29 622 33 629 .
71 581 239 632 certamen
253 560 435 626 demiserat:
453 556 630 623 Didascalia
645 560 753 642 Puris,
771 581 865 646 quani
880 585 898 626 a
912 563 953 630 G.
962 565 1038 632 Diu.

65 677 176 743 dorlio.
200 687 366 762 acceptam
390 671 509 760 primus
530 669 664 758 protulit
686 670 825 736 Meinek.
853 672 894 759 Q.
917 676 949 740 S.
977 677 1034 744 lll.

68 811 142 878 pag.
160 786 237 875 76.:
263 785 379 867 ἐνίκησε
400 782 434 848 δὲ
456 786 500 867 τῷ
520 782 650 867 δράματι
668 785 686 846 ό
708 788 833 867 ποιητὴς
855 788 906 850 ἐπὶ
926 794 1036 874 ἄρχω.

68 926 121 976 roe
145 897 317 979 Ἀλκαίου,
338 898 456 979 πρῶτος
477 893 613 969 Εὔπολις
634 893 772 975 Κόλαξι,
796 896 929 984 δεύτερος
943 898 1038 985 Ἀρι.

71 1017 206 1094 erpoini
231 1012 368 1094 Εἰρήνῃ,
405 1006 505 1089 τρίτος
537 1011 664 1072 Aetam
695 1011 873 1093 Φράτορσιν.
929 1009 1037 1096 ltaque

48 1102 51 1107 ¹
66 1117 325 1208 quandoquidem
341 1117 377 1179 in
392 1114 547 1202 Eupolide
561 1115 625 1180 iam
642 1131 762 1181 certum
777 1133 839 1199 est,
856 1142 896 1182 ne
913 1117 953 1184 de
969 1120 1037 1185 Pla·

67 1245 144 1295 tone
174 1227 302 1316 quide'rn
340 1246 501 1314 superesse
525 1241 633 1313 potest
668 1224 844 1293 dubitatio:
879 1243 912 1292 et
943 1229 1037 1295 sicuti

69 1340 165 1405 laeile
182 1338 317 1428 intelligi
338 1351 446 1425 potest
460 1336 556 1400 ambo
570 1335 685 1401 eodem
699 1360 782 1402 anno
799 1337 932 1403 eandem
947 1340 1037 1405 invisi

30 1476 39 1499 ⁰
69 1449 186 1514 aemuli
205 1448 344 1513 labulam
359 1446 510 1528 irrisisse,
533 1447 579 1511 sio
594 1471 689 1512 nemo
705 1447 834 1514 eredere
848 1450 948 1539 possit
961 1473 1037 1516 esn-

64 1556 140 1629 dem
155 1557 407 1638 cavillationem,
427 1577 488 1642 qua
504 1571 577 1620 aute
592 1579 663 1620 usus
678 1571 758 1621 esset
771 1557 917 1646 Eupolis,
932 1581 950 1625 e
966 1558 1036 1626 Pla·

65 1684 144 1735 tono
169 1684 223 1733 aut
246 1689 333 1733 anuo
351 1681 425 1755 post
442 1681 498 1731 aut
515 1667 611 1731 etiam
626 1666 725 1731 serius
738 1665 848 1755 putide
864 1690 930 1733 esse
946 1693 1036 1758 repe·

63 1780 172 1844 titum.

120 1889 232 1976 Itaque
255 1887 281 1952 si
307 1887 533 1976 Aristophanes
559 1885 703 1951 mordaci
730 1884 818 1951 dieto
844 1886 1037 1955 invidiosum

66 1998 224 2064 aemulum
245 1997 420 2081 laoessivit,
433 1993 711 2086 'quemadmodum
735 1998 820 2086 prius
834 1999 1033 2088 opprobriis,

64 2110 113 2174 uti
134 2106 286 2190 vidimus,
309 2108 489 2179 irritarent
514 2107 722 2197 Eupolidem,
753 2130 880 2174 neeesse
906 2125 954 2174 est
978 2111 1035 2176 hu·

67 2220 115 2283 ius
137 2220 184 2283 rei
210 2219 245 2283 iu
270 2217 404 2304 Vespts,
434 2232 489 2281 aut
512 2219 611 2305 magis
628 2220 723 2279 etiam
746 2216 781 2281 in
794 2218 861 2305 ipsa
876 2220 962 2284 Pace
984 2244 1037 2288 ve·

63 2329 156 2418 stigia
180 2325 351 2416 superesse.
398 2328 468 2414 Ego
498 2346 574 2387 vero
606 2325 640 2386 iu
668 2340 799 2408 utraque
826 2327 932 2392 fabula
957 2333 1035 2397 mihi

64 2438 178 2506 videor
206 2438 309 2502 iocosi
336 2433 461 2500 dicterii
491 2432 526 2493 iu
553 2431 719 2494 Platonem
747 2446 813 2495 nou
838 2435 1035 2505 nominatum

64 2549 185 2615 indicia
207 2544 480 2622 animadvertisse,
510 2539 647 2605 obscure
667 2539 722 2603 illa
746 2538 890 2626 quidem,
914 2543 970 2609 sed
994 2546 1034 2611 ad

62 2661 149 2725 hano
173 2659 276 2723 luoem
297 2653 387 2721 nullo
401 2651 531 2761 negotio
548 2649 828 2742 deprehendenda.¹
870 2653 973 2720 Lusus
989 2674 1036 2724 est

64 2770 100 2833 in
124 2769 210 2832 Pure
232 2791 280 2832 vs.
306 2785 382 2853 7⁰⁰·
408 2784 476 2851 sqq.
498 2763 555 2829 ubi
577 2784 600 2828 e
621 2762 787 2853 Trygaeo,
811 2786 921 2831 reeens
935 2789 974 2832 ex
988 2769 1036 2834 his

63 2876 160 2943 serris
174 2876 207 2938 in
223 2874 349 2939 coelum
363 2869 688 2943 aduectoscisoitatun
702 2872 897 2963 Meroiuiuss

157 3027 193 3080 Τι’
212 3026 275 3092 dul,-
292 3010 429 3098 Βρέττιος
445 3023 460 3074 ὂ
475 3024 557 3086 σοφὸς
573 3024 641 3086 tin,-

61 3145 116 3209 eui
137 3143 211 3208 iste:

644 3227 791 3280 ἀπέθανεν

151 3320 225 3371 ’οΝ
238 3320 269 3373 οἱ
284 3319 412 3377 Λάκωνες
427 3317 573 3380 ἐνέβαλον.
590 3317 636 3371 ‘a
654 3319 682 3367 ri
699 3319 814 3379 studim
834 3319 868 3375 T.
883 3321 902 3371 ὅ
919 3340 960 3384 rt,⁴

94 3465 96 3469 ,
153 3409 334 3478 Ὥρακιόσας.
351 3409 385 3460 orl
401 3409 455 3478 γὰρ
471 3409 632 3476 ἐξηνέσχετο

157 3493 243 3550 Ἰδὼν
259 3503 347 3551 raldus
363 3498 575 3569 καταγᾳύμενοα
592 3499 667 3550 oi'rou
684 3498 782 3553 attur.

66 3637 163 3703 Hune
185 3649 291 3699 autem
316 3634 423 3699 locum
449 3657 513 3699 nou
540 3634 651 3699 dubito
676 3633 834 3707 affirmare
858 3659 879 3701 u
904 3639 1030 3707 neurius

65 3746 226 3827 omnium,
249 3767 327 3830 quos
342 3743 491 3826 viderim,
515 3767 583 3811 esse
596 3743 811 3817 intellectumt
837 3745 1030 3818 documento

62 3873 136 3925 suut
160 3856 260 3920 mirae
283 3855 569 3940 interpretationes.
616 3853 761 3935 Graviter
780 3856 899 3923 fallitur
916 3858 1029 3928 Gram-

65 3968 197 4035 maticus
210 3967 351 4033 incertus
366 3969 434 4052 περὶ
451 3993 524 4049 erup.
541 3988 614 4054 pag.
630 3989 726 4050 ιω,
751 3969 804 4056 qui
820 3993 860 4035 ex
875 3971 938 4036 lroc
954 3973 1028 4038 loca
