2618 4934
656 387 692 453 11

173 609 295 680 tracta,
320 591 456 658 obectua
478 603 549 656 sunt
573 602 607 656 et
627 591 730 658 varias
749 595 919 662 sententias
939 616 1142 688 pepererunt.

173 704 392 796 deprimam
412 701 537 768 fuerunt
557 694 611 790 qui
624 701 671 768 ita
686 703 884 792 acciperent,
908 709 996 797 qtrasi
1013 712 1151 778 omnino'

172 803 294 884 docem
318 811 498 880 comoedias
522 811 618 877 fuerit
640 804 786 898 retitum,
817 831 849 881 et
874 839 1001 906 prorsus
1028 816 1152 889 comici-

172 951 235 1019 per
249 924 328 993 illud
344 925 514 990 triennium
529 924 760 991 conticuerint:
785 924 872 1014 quod
887 928 1054 1016 <prontinus
1068 955 1146 1021 pro-

173 1039 245 1106 bari
269 1036 367 1126 possit
390 1034 442 1100 vel
461 1034 544 1099 ratio
549 1035 793 1124 Dionysiorum
815 1030 986 1126 prohibet,
1012 1063 1149 1130 quoram

173 1146 345 1215 celebratio
370 1143 590 1210 huiuscemodi
615 1143 697 1210 ludis
721 1167 788 1211 non
812 1163 941 1237 poterat
961 1164 1089 1236 carere,
1113 1166 1150 1220 et

170 1246 382 1323 disertissimis
404 1244 530 1320 indiciis
551 1269 677 1321 constat
703 1272 789 1323 actas
814 1258 909 1326 fitisse
933 1258 968 1325 id
995 1264 1150 1377 temporis

172 1369 373 1434 comicorum
395 1363 527 1431 fabulas.
573 1364 657 1430 Nam
678 1382 858 1473 opportune
879 1367 920 1433 ad
939 1368 1145 1439 nostratem·

169 1499 252 1568 pora
277 1473 455 1566 perduravit
470 1473 670 1559 Didusoalia,
694 1479 846 1543 marmori
860 1480 1036 1571 insculpta,
1059 1478 1146 1551 unde

170 1585 335 1670 discimus,
349 1585 404 1674 qui
413 1591 529 1693 poetae
540 1586 654 1674 quibus
666 1581 781 1653 fabulis
790 1587 922 1679 hisipsis
931 1593 1145 1659 Archontibus

168 1698 336 1763 uictoriam
351 1698 595 1802 reportaverint.
620 1694 727 1762 Edidit
743 1697 917 1787 primusG.
929 1701 972 1767 A.
987 1700 1145 1768 Odericus

170 1796 296 1872 Romae
316 1829 407 1899 1777,
431 1805 495 1895 (Cf.
513 1806 682 1895 Wyttenb.
699 1806 786 1874 Brtl.
762 1807 885 1881 lCrlt.
904 1808 981 1877 Vol.
998 1812 1041 1878 11.
1058 1814 1147 1901 pert.-

174 1915 248 1982 VH·
238 1938 292 2007 ·.p
283 1908 375 2006 .Ῑ47.)
390 1916 476 1983 unde
490 1917 614 2007 recepit
626 1908 827 2007 Boeckhitu
817 1942 852 1983 ιιι
870 1915 967 2009 corp.-
979 1921 1147 2012 [monpe-

172 2025 207 2094 T
224 2027 253 2096 Ι
269 2027 314 2094 N.
332 2044 407 2116 2259.
451 2018 610 2118 leguntur
629 2028 705 2093 ibi
695 2043 792 2094 mter
800 2028 897 2118 plura
905 2037 1146 2195 7)(ιόιιιιιιιιιιιιΙ
1236 2037 1238 2045 '

169 2124 328 2203 micorum
350 2149 384 2200 et
404 2130 603 2201 Archontm
624 2134 757 2202 nomina
770 2136 909 2204 truect·
1099 2178 1117 2189 ,.

335 2317 450 2383 aur,
467 2283 692 2379 orosaop'or
704 2268 958 2385 ι-Αιιιοιι
1093 2266 1148 2415 *fs

234 2454 239 2463 ⁴
343 2495 346 2499 .
424 2442 449 2508 i.
465 2464 496 2511 e.
519 2442 650 2529 Olymp.
665 2439 823 2506 LXXXV.
847 2441 881 2507 3.
915 2464 940 2499 κ
998 2402 1012 2503 s
1069 2468 1073 2473 ·

168 2592 203 2643 et
224 2596 300 2642 mox
335 2618 338 2623 -
483 2598 486 2605 ·
517 2622 520 2626 ι
792 2616 796 2623 ,
1103 2617 1106 2621 ι
1143 2630 1146 2635 ,

301 2722 305 2733 ·
343 2703 345 2707 ·
456 2710 581 2788 rum
594 2678 859 2796 Moprxerr
982 2682 985 2687 ’
1029 2683 1070 2691 ”
1204 2760 1211 2770 .

460 2822 519 2882 ΟΣ
537 2817 847 2884 ΚΟΛΕΟΦΟΡΟῙΣ

141 2985 172 2998 -1
232 3028 235 3033 Ι
270 3031 273 3034 .
335 2946 360 3011 i.
377 2967 405 3012 e.
426 2945 565 3035 eiusdem
588 2946 715 3065 Olymp.
738 2969 823 3012 anno
845 2946 974 3071 primo
1062 3044 1065 3049 Ι
1107 2940 1110 2945 ’

170 3122 347 3192 Nullus
335 3125 432 3216 rgimr
451 3138 594 3236 superest
612 3122 778 3190 dubitandi
792 3124 899 3209 locus,
925 3123 1002 3213 quin
1016 3132 1130 3216 poetae

165 3235 346 3303 comoedias
369 3235 488 3302 docere
512 3232 722 3323 perrexerint,
750 3257 854 3324 neque
881 3234 932 3299 id
941 3234 1038 3302 fuisse
1062 3238 1140 3341 lege

162 3338 366 3434 imperatum,
388 3360 425 3411 ut
440 3343 610 3412 comoedia
623 3345 853 3434 antiquaretur,
871 3343 996 3433 quod
972 3368 1043 3410 ame
1056 3367 1136 3412 com

165 3456 316 3522 troversia
334 3479 354 3522 a
369 3455 601 3548 populo'nullis
615 3451 792 3522 rationibus
805 3455 866 3520 nisi
879 3477 938 3542 per
951 3456 1018 3521 vim
1033 3455 1136 3546 impes

164 3566 244 3630 trari
258 3568 428 3654 potuisset.
475 3567 586 3656 Neque
604 3566 687 3633 adeo
702 3566 789 3655 opus·
798 3580 845 3630 est
854 3564 1013 3630 'Larcheri
1026 3568 1139 3635 conia·

166 3691 257 3742 ctura
278 3674 327 3738 'ad
349 3674 548 3744 Herodomm
562 3669 655 3744 'vla’
673 3700 709 3766 p.
734 3673 820 3757 562,
836 3696 944 3762 ¹quam
967 3675 1138 3744 Clintonue

165 3787 305 3877 probare
316 3783 525 3878 videtur'pug.
541 3776 595 3876 59.
609 3788 656 3852 ita
667 3788 799 3876 scriptas
808 3785 901 3851 fuisse
911 3785 985 3851 istas
997 3787 1135 3873 fabulaap

164 3912 201 3963 ut
222 3898 326 3990 legem
350 3896 530 3993 eluderent:
555 3897 644 3990 quod
664 3899 738 3964 satis
762 3896 897 3964 obscure
921 3895 1042 3964 dictum
1065 3915 1136 3982 est‚=

163 4032 266 4097 neque
284 4012 320 4079 in
341 4009 561 4082 huiuscemodi
585 4035 620 4078 re
639 4011 707 4079 fieri
731 4031 879 4099 umquam
893 4008 1034 4098 potuisse
1048 4008 1132 4076 arbi·-
