2618 4934
636 387 679 454 97

213 588 380 659 Πασάθκ-το.
414 586 562 660 ‘Boulis
576 591 718 658 ααίζκμνν
737 593 771 644 dl
784 594 852 664 κομί
869 594 1033 663 φιλημάτων.
1067 596 1094 650 t.

392 707 477 726 -·-
682 683 720 736 A.
757 683 893 750 ’Armate
912 685 963 755 οὐκ
980 687 1013 738 io't

210 768 344 836 Παίζονν.
361 773 480 833 τίθεμαι
498 772 650 835 κοττάβεια
670 773 741 840 σφῷν
758 773 811 840 ἐγώ
961 752 974 779 ⁸

211 854 306 911 Τασδί
322 879 355 911 τι
374 863 422 918 τὰς
436 863 588 930 κρηπῖδας,
608 863 639 920 ἅς
656 863 727 930 αὕτη
744 840 823 934 bapt?

208 944 269 1000 Καί
284 949 333 1001 τὸν
351 945 465 1001 κότυλον
481 952 530 1000 τὸν
545 951 601 1002 σόν.
615 952 680 1020 ‘Hp
699 953 840 1016 Βαβανάξ.
856 955 952 1008 tironi

210 1038 323 1107 Μείζυν
341 1039 414 1105 ἀμὸν
428 1043 478 1106 τῆς
494 1040 658 1104 Ἰσθμιάδος
676 1043 834 1112 ἐπέρχεται.
946 1034 950 1039 ’
1046 1048 1090 1100 10.
1116 1104 1123 1117 .

207 1202 282 1280 Non
297 1215 432 1281 multum
449 1218 614 1281 extricavit
630 1241 667 1282 ex
681 1219 729 1283 his
743 1219 847 1284 verbis¹
862 1220 984 1287 Iacobs.
1001 1221 1035 1285 in
1051 1225 1132 1287 Ani·

162 1325 266 1391 mado.
293 1333 328 1390 irt
352 1327 466 1414 Ευνίσ.
499 1327 654 1414 Tragoed.
683 1351 717 1416 p.
749 1329 820 1395 186.
846 1313 903 1395 vubi
926 1331 987 1395 ait:
1014 1332 1132 1422 (Plato)

164 1458 297 1525 coquam
314 1435 500 1519 induxerat,
523 1445 578 1525 qui
598 1438 672 1501 dum
693 1447 759 1525 ipse
783 1438 868 1503 cibos
885 1453 1035 1527 pararet,
1059 1466 1134 1506 con-

167 1553 270 1629 vivor,
285 1560 320 1610 ut
332 1545 457 1611 cottobo
473 1548 771 1638 tempusstrllerent‚
787 1548 1023 1615 adhortabatur.
1051 1550 1134 1615 Nam

162 1656 201 1720 si.
213 1655 283 1744 quis
309 1656 483 1721 contulerit
504 1657 643 1722 vicinum
663 1658 817 1723 Athenaei
838 1657 945 1722 locum
961 1680 1034 1748 pag.
1052 1659 1128 1746 667.

161 1764 206 1831 B..
245 1763 466 1846 Ἀγκυλοῦντα
489 1769 547 1851 γὰρ
572 1760 621 1833 δεῖ
640 1768 753 1851 σφόδρα
781 1770 838 1848 τὴν
868 1773 951 1852 χεῖρα
977 1768 1130 1848 εὐρύθμως

160 1873 296 1956 πέμπειν
314 1878 368 1943 τὸν
384 1879 543 1965 κότταβον,
565 1880 605 1954 ὥς
629 1879 813 1964 Δικαίαρχός
832 1899 903 1959 φησι
922 1878 974 1941 καί
995 1874 1128 1943 Πίυίιτου

164 1984 195 2052 δ’
218 1989 312 2072 ἐντῷ
334 1989 392 2054 Ari
414 1990 457 2072 τῷ
477 1989 678 2074 Κακουμένῳ·
701 1988 936 2074 παρακελεύεται
956 1986 991 2052 δέ
1016 2012 1063 2062 τις
1086 1990 1129 2073 τῷ

165 2092 314 2178 Ἡρακλεῖ
335 2100 377 2179 μὴ
406 2097 540 2184 σκληρὰν
562 2100 643 2186 ἔχειν
666 2103 722 2181 τὴν
745 2105 828 2186 χεῖρα
848 2096 999 2181 μέλλοντα
1023 2122 1130 2163 κοττα·

162 2206 276 2294 plion,
299 2204 475 2270 luculenter
497 2207 663 2296 apparebit
687 2231 823 2293 coquum
839 2208 931 2272 istum
947 2208 1011 2272 sire
1026 2233 1132 2293 πορνο-

164 2319 272 2404 βοσκὸν
292 2311 394 2401 (quod
410 2335 447 2375 ex
462 2328 531 2378 tota
546 2315 732 2377 narrationis
747 2317 826 2378 serie
843 2331 889 2379 est
904 2317 1129 2406 verisimilius),

164 2423 325 2511 adquem
354 2419 524 2485 devenerat
547 2420 714 2502 Hercules,
738 2421 871 2484 invitare
889 2423 983 2484 istum
999 2439 1034 2486 ut
1059 2449 1132 2490 cum

163 2533 321 2624 puellula,
344 2553 439 2618 quam
457 2526 632 2617 deperibat.
654 2525 732 2615 (vid.
748 2551 793 2592 vs.
814 2525 857 2614 5.)
874 2528 1005 2591 cottnbo
1021 2529 1131 2596 ludens

164 2664 314 2723 coenam,
329 2661 423 2728 quam
438 2660 514 2702 mox
526 2652 689 2726 paraturus
704 2638 759 2720 sit,
772 2636 872 2701 hilare
887 2653 1055 2725 exspectet.
1071 2637 1130 2702 So·

166 2752 233 2817 lum
259 2750 364 2816 adesse
392 2772 466 2814 cnm
494 2748 694 2813 meretricula
721 2748 904 2813 helluonem
929 2746 1041 2833 deum,
1057 2749 1131 2814 satis

166 2858 306 2927 ostendit
314 2868 403 2947 ’σφῷν
418 2859 476 2948 (rs.
494 2882 522 2926 r.
533 2875 565 2926 et
575 2859 624 2948 7.)
660 2859 742 2924 Tum
758 2859 925 2951 diligenter
940 2858 1131 2926 animadver-

169 2969 302 3036 tendum
331 2986 393 3053 est,
417 2967 506 3058 quod
530 2969 642 3033 scribit
663 2969 857 3034 Athenaeus:
887 2973 921 3037 ἐν
948 2960 968 3056 ᾖ
995 2972 1132 3048 ἐξίςαντο

170 3086 233 3150 τῶν
254 3083 418 3166 σκευαρίων
433 3085 464 3149 οί
476 3083 707 3167 δυσκυβοῦντες,
725 3079 894 3166 respiciens
910 3102 988 3168 quaa
1002 3081 1133 3168 scripse·

167 3207 216 3257 rat
236 3191 334 3257 Poe'ta
357 3193 391 3256 in
412 3190 613 3279 sequentibus
633 3189 787 3253 versibus:
811 3210 925 3276 nempe
941 3188 1056 3254 danrno
1072 3212 1128 3253 suo

168 3310 262 3373 sensit
276 3311 444 3392 Hercules,
461 3313 593 3398 opinor,
608 3329 698 3394 quam
713 3321 793 3371 esset
806 3308 1005 3381 temerarium
1020 3308 1046 3369 si
1062 3306 1129 3392 quis

163 3418 272 3483 omnis
287 3417 476 3484 dexteritatis
489 3439 614 3506 expers,
626 3417 737 3506 positis
749 3415 945 3504 pignoribus,
957 3439 1029 3481 curn
1041 3438 1128 3480 exer·

122 3554 124 3559 ’
161 3529 265 3592 citata
277 3529 474 3593 meretricula
490 3528 557 3592 lusu
573 3526 692 3591 cottabi
708 3522 923 3592 contenderet.
947 3527 1059 3589 Astute
1074 3547 1128 3589 au-

168 3653 233 3702 tern
249 3637 322 3718 iste,
334 3659 426 3723 quem
436 3637 583 3702 lenonem
598 3659 663 3701 esse
679 3657 777 3716 nunc,
795 3632 906 3716 credo,
923 3649 1052 3722 apparet
1063 3634 1126 3723 (cf.

167 3749 263 3812 Arist.
278 3748 359 3810 lion.
376 3769 421 3813 vs.
437 3770 482 3814 rs.
505 3745 609 3836 tri),
631 3741 789 3832 stupidum
804 3745 965 3809 hominem
982 3743 1022 3809 de
1037 3768 1129 3810 oscu-

169 3856 207 3921 lis
221 3871 342 3920 certare
360 3871 462 3936 vetat,
486 3857 606 3922 inhians
625 3857 805 3942 σκευαρίοις,
829 3876 908 3944 quae
922 3855 1004 3940 sola,
1019 3858 1065 3920 uti
1080 3859 1129 3924 ri·

171 3964 278 4048 detur,
303 3964 365 4032 deo
380 3965 509 4035 minime
521 3967 693 4056 pecunioso
708 3983 856 4059 poterant
869 3967 1007 4054 emungi.
1048 4018 1051 4023 .

944 4077 981 4142 13
