2618 4934
163 551 240 616 alibi
264 571 371 639 saepe.
414 548 515 613 Simul
538 563 684 638 apparet,
709 571 804 636 quare
819 551 878 618 ista
894 554 989 619 rerba
1004 556 1125 624 excide·

162 662 238 726 rint.
284 657 434 724 Eiusdem
453 658 574 748 generis
594 672 642 722 est
656 659 838 724 coniectura
852 661 1009 729 Dobraeis
1034 671 1129 737 ποίαν

164 772 342 857 φιλημάτων
351 798 364 851 ,·
383 767 438 834 sed
457 775 543 843 ποῖος
561 769 607 832 aio
622 770 759 857 pou'turn
776 786 823 834 est
836 771 965 861 indigne
979 773 1126 858 ferentis,
1154 795 1157 799 ·

163 879 231 948 vid.
248 882 381 965 [θείην.
405 876 482 967 730.
505 877 647 942 Aeliam.
672 877 743 966 157.
767 879 855 944 alibi.
901 881 1003 971 Negat
1018 882 1131 950 decere

167 989 263 1056 deum
276 991 350 1055 leno
363 987 407 1053 de
418 987 532 1051 osculis
546 987 740 1053 contendere
755 1011 795 1054 eo
811 990 960 1074 consilio,
975 1015 1040 1080 quo
1054 991 1133 1058 dixi·

164 1123 251 1166 mus:
275 1122 348 1165 nam
376 1097 474 1162 moris
488 1112 576 1180 emt,
593 1113 630 1161 ut
643 1099 688 1162 sic
704 1098 881 1165 luderetur:
905 1100 977 1166 vide
993 1103 1128 1192 Callippi

167 1226 200 1276 et
213 1209 327 1274 Eubuli
341 1209 432 1273 locos
448 1204 532 1295 apud
547 1207 665 1272 Athen.
681 1207 760 1274 ibid.
779 1210 948 1300 png.·668.
964 1213 1003 1278 C.
1020 1212 1130 1301 Neque

165 1321 261 1387 diter
272 1318 450 1409 Sophocles
465 1322 501 1385 ἐκ
521 1317 701 1402 Σαλμωνεῖ,
724 1318 842 1385 Athen.
858 1320 915 1412 xl,
932 1344 966 1410 p.
984 1323 1059 1411 487.
1075 1324 1116 1389 D.

346 1471 418 1523 Tdt’
433 1471 472 1529 ἔςι
491 1471 599 1534 κνισμὸς
614 1471 663 1521 καλ
678 1470 834 1538 φιλημάτων
845 1471 943 1535 ψόφος,

271 1574 273 1579 ’
344 1561 390 1632 Τῷ
406 1559 676 1625 καλλικοτταβοῦντι
692 1565 846 1641 κικητήρια.

167 1694 313 1784 Denique
329 1695 363 1758 in
380 1718 430 1761 vs.
444 1718 476 1783 7.
488 1693 638 1761 laborant
655 1696 796 1779 numeri,
815 1697 866 1760 cui
881 1695 966 1761 malo
980 1697 1134 1790 Schweig-

167 1806 319 1873 hauserus
337 1805 382 1868 sic
407 1802 527 1871 mederi
546 1804 688 1892 volebat,
710 1820 746 1869 ut
766 1807 800 1873 δι’
815 1822 888 1896 post
903 1807 1026 1892 τίθεμαι
1039 1809 1133 1873 inter·

168 1929 350 2006 poneretur,
364 1911 450 2003 quod
456 1912 650 1981 Meinekium
665 1916 800 2004 probare
811 1915 917 1984 video.
933 1917 996 1982 Sed
1008 1899 1133 1990 laltoret

169 2025 333 2119 graecitas,
353 2047 446 2113 quam
460 2024 489 2091 si
503 2026 693 2110 correxeris,
709 2025 820 2093 eadem
846 2050 944 2119 opera
961 2030 1132 2120 expleveris

168 2158 315 2203 numeros
329 2135 363 2199 in
376 2135 463 2200 hunc
478 2133 626 2201 modum:

343 2265 476 2331 Παλζτιτ.
488 2268 591 2332 τίθημι
607 2266 760 2329 κοττάβεια
776 2269 847 2336 σφῷν
866 2269 935 2332 irai,

168 2426 242 2471 num
268 2400 322 2488 qui
346 2420 415 2463 non
436 2398 497 2461 sibi
511 2397 604 2484 ponit
615 2397 752 2485 pignora
765 2397 823 2461 sed
837 2398 919 2479 aliis,
935 2422 1001 2461 non
1015 2406 1134 2477 τίθεται

167 2517 349 2601 κοττάβεια,
372 2505 428 2581 sod
455 2508 588 2589 τίθησιν.
625 2502 767 2592 ‚Reliqua
791 2506 914 2592 integra
932 2521 1005 2571 tunt
1018 2523 1050 2573 et
1065 2532 1135 2596 per·

167 2626 297 2714 spicue:
314 2620 355 2687 de
364 2617 489 2684 ultimis
503 2614 568 2681 rid.
578 2615 720 2681 ¹llasaub.
735 2637 812 2705 neg.
827 2614 907 2702 9⁴5⁹

215 2729 408 2797 Faciendum
431 2725 529 2799 etim
555 2724 740 2814 periculum
757 2741 822 2809 sat,
845 2726 872 2790 si
888 2726 972 2791 forte
985 2727 1019 2791 in
1035 2728 1136 2793 altero

171 2843 249 2909 loco
262 2840 381 2905 Poetae
393 2837 490 2903 verbe
502 2836 666 2910 restituere
681 2835 845 2923 possimus.
890 2833 1041 2901 Videmus
1054 2838 1136 2905 Her·

172 2950 277 3016 colem
281 2995 293 3029 ,
316 2945 486 3013 indocilem
500 2942 711 3034 discipulum,
727 2965 848 3011 norsum
863 2943 1030 3012 artificium
1044 2969 1136 3037 aegre

171 3059 361 3127 discentem.
404 3057 509 3122 Minus
534 3065 622 3121 recte
646 3068 750 3121 autem
772 3055 835 3119 riri
848 3052 937 3121 docti
951 3055 1134 3141 Porsonus,

135 3182 138 3187 '
172 3169 366 3251 Meineltius,
395 3165 583 3233 Friuechius
602 3164 709 3235 omnia
728 3167 825 3230 hoec:
847 3171 888 3248 μὴ
904 3167 1035 3251 σκληρὰν
1057 3170 1137 3253 ἔχειν

175 3287 231 3362 τὴν
253 3279 504 3369 piaculi-lom
521 3276 727 3363 κοτταβίζειν,
751 3275 895 3351 Platonis
914 3300 980 3343 esse
999 3276 1140 3342 credide-

177 3389 306 3471 derunt,
331 3391 467 3457 numerir
481 3386 601 3468 soluta,
617 3407 696 3473 quos
708 3384 795 3449 sacili
809 3386 938 3474 negotio
952 3401 1140 3451 revocarunt

176 3501 230 3564 elii
254 3501 353 3566 aliter.
399 3498 462 3564 Sed
477 3496 674 3587 perspicuum
691 3494 817 3582 quidem
833 3511 880 3560 est
893 3494 1046 3577 μέλλοντα
1069 3522 1141 3562 nor.

176 3610 313 3697 ταβίζεικ
336 3607 377 3670 ab
402 3607 471 3696 ipso
501 3605 664 3668 Athenaeo
688 3625 770 3684 esse,
791 3618 825 3667 et
839 3604 946 3692 inepte
961 3602 1140 3689 abundare,

176 3722 206 3787 ei
217 3718 363 3785 dicantur
374 3715 414 3779 nb
425 3738 463 3779 ea
473 3713 589 3802 puelle,
601 3735 680 3802 quae
694 3712 796 3776 obtrni
807 3714 926 3802 ingenii
933 3712 1028 3778 deum
1036 3714 1141 3783 docet.

175 3828 240 3895 Sed
252 3827 361 3897 omnia
371 3825 467 3914 ipsius
478 3824 631 3889 Athenaei
643 3823 740 3888 verba
748 3838 830 3906 sunt,
838 3823 1021 3914 explicantis
1034 3827 1139 3892 locum

179 3940 397 4018 Platonicum,
418 3935 476 4023 qui
495 3933 572 4000 latet
591 3936 626 4000 in
641 3933 854 4026 superioribus
869 3935 914 4000 sic
929 3936 1143 4013 restituendis:
