2618 4934
532 345 577 410 89

58 556 123 622 Th.
141 551 307 642 Berghius,
328 550 384 638 qui
406 550 441 615 in
465 548 637 616 (hmnrent.
666 568 738 640 psg.
760 552 832 640 187.
855 574 972 622 novam
987 558 1035 622 in.

58 662 323 756 terpretstionem
338 659 458 743 nocht,
473 658 506 722 in
522 681 584 746 quo
598 659 657 723 viri
673 662 886 752 peringeniosi
901 688 1035 735 acumen

57 794 126 841 non
151 786 295 864 apparet.
339 769 521 858 Suspicatur
545 769 631 832 enim
656 769 902 859 Aristophanem
928 774 1035 843 dicere

56 887 195 952 voluisse
216 881 344 971 poesin,
367 901 449 969 quoe
470 891 545 943 ante
563 878 825 968 Peloponnesiaci
843 882 916 948 belli
930 894 1037 952 incen-

56 995 147 1060 dium
162 1002 196 1058 tn
206 1011 360 1057 summum
366 989 541 1075 fastigium
558 1002 663 1052 evecta
677 989 856 1076 videbatur,
871 1001 936 1058 mm
951 1009 1038 1061 retro

56 1112 152 1195 quasi
175 1110 271 1170 ruina
296 1097 436 1189 quadam
459 1098 594 1163 resolvi:
622 1096 718 1187 idque
739 1099 864 1167 duobus
887 1107 1037 1196 exemplis

55 1215 231 1293 illustrare,
260 1208 451 1299 Sophoclis,
481 1231 575 1294 quem
601 1206 641 1273 de
665 1211 798 1298 pristina
824 1217 1035 1302 generositate

55 1325 219 1391 recessisse
234 1334 464 1408 conqueratur,
485 1334 517 1382 et
532 1319 669 1404 Cratini,
681 1321 735 1408 qui
751 1345 790 1387 ex
804 1346 868 1411 quo
878 1324 1035 1393 Lacedae-

60 1434 175 1498 moniis
200 1432 414 1497 incursionem
440 1427 630 1493 faciontibus
650 1431 749 1496 cellae
771 1440 913 1498 vinariae
933 1449 1035 1500 sasta-

60 1557 188 1627 rentur‚
212 1543 297 1607 nttst
309 1562 478 1629 magnum,
503 1539 588 1603 sitit
600 1540 810 1606 admiratione
823 1542 952 1632 Quum
961 1571 1037 1635 pro-

50 1668 188 1746 poneret
208 1661 242 1719 in
262 1651 382 1732 medio,
406 1663 502 1739 atque
525 1649 605 1714 adeo
619 1649 683 1714 stbt
697 1660 763 1716 iam
777 1666 918 1717 mortuus
925 1665 1036 1743 potius

57 1788 155 1856 qnam
179 1773 264 1829 etrus
284 1762 448 1827 videratur.
485 1759 548 1826 Sed
571 1761 620 1826 vir
634 1777 744 1827 acutus
758 1762 826 1850 ipse
841 1786 908 1828 non
923 1763 1035 1829 diffite-

58 1877 172 1958 bitur,
200 1873 338 1961 opinor,
372 1890 474 1961 psene
501 1870 672 1937 ridiculum
698 1892 764 1938 esse
795 1872 904 1939 induci
931 1876 1036 1963 ipsum

60 1982 303 2072 Aristophanem
336 1992 587 2071 conquerentem
619 1981 661 2047 de
689 1984 824 2072 poeseos
860 1983 966 2050 studio
1003 2002 1035 2050 et

59 2093 153 2160 laude
176 2095 209 2158 in
229 2094 318 2183 peius
339 2108 466 2174 ruente,
491 2091 579 2180 quod
594 2090 758 2159 Cratinum
772 2088 895 2159 scilicet
911 2112 929 2158 e
944 2096 1033 2160 senio
1123 2086 1127 2096 ⁸

59 2207 218 2297 ingenium
242 2203 404 2269 deiiceret.
448 2204 599 2290 Suspicor
622 2201 707 2266 aliud
727 2202 806 2291 quid
826 2205 943 2290 latere,
968 2228 1032 2294 quo

47 2317 224 2383 'intellecto
250 2310 455 2402 dispolientur
478 2311 629 2374 tenebrae
652 2325 684 2373 et
707 2313 934 2379 urbanissimus
947 2316 1035 2405 inge·

57 2428 139 2492 niosi
155 2423 375 2512 Aristophanis
390 2423 481 2486 iocus
495 2417 709 2483 revocabitur.
744 2419 888 2483 Lacones
902 2422 953 2485 isti
967 2446 1033 2488 non

57 2537 171 2605 srrneti
197 2559 256 2624 per
277 2533 433 2598 isthmum
452 2527 582 2617 ingressi
604 2542 695 2591 erant
710 2527 867 2613 Atticam,
888 2528 944 2594 sed
959 2554 1034 2620 pro·

59 2646 185 2712 dierant
197 2645 232 2709 in
249 2662 395 2721 scenam,
419 2653 550 2703 auctore
564 2634 719 2703 Platone:
748 2652 784 2702 ut
798 2640 896 2705 verbo
913 2639 1033 2728 dicem,

57 2754 273 2846 significantur
297 2749 440 2816 Plutonis
465 2756 630 2829 Λάκωνες,
658 2770 755 2836 quom
779 2749 917 2818 tabulam
942 2776 1033 2845 supe.

56 2866 145 2931 riore
165 2887 267 2945 anno,
293 2884 357 2950 quo
371 2862 515 2926 Cratinus
530 2877 598 2926 erat
616 2876 777 2944 mortuus,
797 2860 962 2930 docuerat:
979 2890 1032 2932 ex-

55 2976 205 3041 hibuerat
232 2988 335 3039 autem
357 2972 391 3039 in
415 2994 454 3037 ea
477 2972 643 3035 hominum
659 2970 905 3040 temulentorum
921 2972 1031 3042 convi'-
1072 3034 1074 3040 .

58 3085 162 3166 rium,
192 3083 248 3170 qui
268 3082 367 3147 nimio
391 3102 482 3145 mero
506 3077 626 3142 madidi
646 3094 678 3144 et
693 3079 768 3145 olias
784 3084 891 3149 nubes
906 3083 1029 3150 dedisse

57 3193 204 3261 videntur
225 3191 342 3258 etvini
366 3188 489 3255 dolium
510 3189 545 3252 in
560 3189 695 3254 tumultu
710 3188 894 3282 diffmgisse.
940 3194 1029 3282 Quos

59 3303 229 3368 cachinnos
259 3319 406 3391 putemus
430 3299 637 3365 Athenienses
659 3299 816 3367 sustulisse
841 3298 876 3368 in
902 3304 1029 3394 lepidis-

58 3412 140 3476 simo
163 3413 309 3494 invento,
331 3434 397 3501 quo
412 3425 503 3475 strox
519 3410 652 3493 malum,
669 3415 705 3476 sd
719 3416 795 3504 'sodo
807 3421 958 3491 Assem
969 3421 1026 3500 sp.

57 3522 176 3611 sinisti,
187 3519 227 3585 ad
240 3521 336 3586 riscus
348 3526 516 3608 iocumque
528 3521 784 3589 transferebatur:
799 3539 833 3588 et
843 3542 938 3611 quom
949 3527 1029 3594 bene

55 3652 134 3719 ¹curn
154 3629 214 3692 istc
230 3628 391 3694 Laconum
407 3631 586 3710 invasione,
610 3651 704 3716 quom
718 3633 787 3721 ipss
802 3635 947 3700 crannus
961 3660 1030 3728 spe-

58 3755 218 3822 ctsserst,
234 3739 434 3829 coniungitur
449 3762 542 3805 cause
557 3740 777 3830 aegritudinis,
794 3766 873 3832 quse
888 3747 1032 3814 vinosum

60 3854 194 3920 Petram
209 3851 348 3917 necavit.
372 3849 436 3916 Sed
445 3872 514 3917 non
526 3851 638 3917 attinet
652 3874 905 3923 commemorare
917 3877 1034 3948 quanta

60 3963 130 4030 luce
146 3963 238 4030 locus
252 3961 472 4050 Aristopinnis
487 3962 535 4037 sic
549 3958 727 4065 intellectus
742 3965 924 4056 splendeat,
949 3969 1035 4058 quod

847 4101 882 4140 ια
