2618 4934
737 379 814 445 428

291 581 409 670 expulit
432 581 603 649 Porsonus.
660 578 828 671 Hermippi
853 581 942 646 locus
964 581 1119 647 eiusmodi
1138 591 1201 666 est,
1226 601 1261 650 ut

290 689 350 754 ista
374 690 544 755 verborum
570 702 712 755 monstra
737 710 804 754 non
824 688 884 755 nisi
898 689 1260 759 violentiore'medicint

265 891 270 898 θ
291 800 411 888 possint
425 801 606 889 procurarit
625 814 755 864 conatus
770 821 837 864 sum
852 800 887 864 in
901 800 986 865 huno
999 797 1149 866 modum:

577 930 727 996 ἀναβαίνει
746 939 811 997 σῖγα
826 928 1003 1001 Πείσανδρος
1016 931 1121 999 μένας,

288 1055 290 1058 -
390 1020 506 1092 Ὠσπερ
522 1021 689 1073 Διονυσίοισι
706 996 774 1075 oimt
787 1019 843 1072 τῶν
860 1021 965 1084 ξύλων.Δ
1102 1076 1105 1085 ,

393 1111 429 1187 Β.
447 1109 578 1177 ’Eylloto’
600 1112 637 1162 A.
656 1112 727 1182 ἐρεῖς
743 1109 796 1164 τιν’
817 1109 879 1163 ὅσον
896 1110 960 1182 ὃρᾷν
980 1114 1144 1181 κανθήλιον.

286 1239 324 1303 In
347 1240 458 1304 ceteris
473 1236 601 1326 quidem
622 1238 723 1305 nolim
739 1237 909 1328 quidquam
923 1251 1100 1328 praestare,
1114 1241 1171 1306 sed
1188 1266 1259 1310 cer·

286 1365 353 1414 tum
381 1365 429 1414 est
453 1349 689 1438 integerrimum
715 1371 782 1415 esse
804 1371 929 1414 versum
952 1350 1143 1435 secundum,
1162 1376 1259 1440 quem

288 1459 349 1524 viri
368 1458 457 1523 docti
481 1480 579 1546 quum
599 1481 667 1524 uon
685 1459 915 1549 intelligerent,
939 1460 1033 1523 variis
1050 1460 1154 1526 modis
1167 1486 1260 1529 vexa·

287 1583 372 1636 runt.
394 1569 518 1660 Nempe
532 1574 552 1636 o‘
559 1573 609 1637 ἐπὶ
622 1574 685 1640 τῶν
702 1556 801 1650 'stator
815 1585 862 1635 est
869 1568 999 1657 phallus
1010 1568 1134 1658 ingens,
1150 1573 1258 1660 quales

285 1678 321 1743 in
342 1678 568 1770 Dionysiorum
587 1703 705 1772 pompa
725 1680 829 1771 longis
847 1680 974 1770 perticis
1000 1681 1139 1769 suspensi
1156 1699 1260 1772 gesta·
1288 1682 1292 1693 '

281 1789 408 1858 bantur.
455 1791 504 1856 Cf.
532 1792 630 1857 Arist.
647 1792 791 1857 Arkam.
820 1813 866 1855 vs.
886 1787 963 1875 259.
983 1812 1032 1878 sq.
1051 1812 1131 1878 quae
1145 1794 1258 1860 lestirn

157 1953 159 1957 ,
285 1901 482 1987 comparatio
498 1899 588 1962 alteri
603 1899 653 1960 isti
668 1898 765 1960 risum
781 1913 901 1961 movet.
947 1899 1103 1978 Ἐγέλασα
1117 1903 1258 1989 positum

282 2022 332 2072 est
345 2021 381 2071 ut
394 2009 429 2070 in
445 2006 542 2071 Arist.
558 2006 683 2092 Equitt.
700 2026 747 2070 rs.
765 2003 841 2089 696.
859 2018 892 2067 et
906 2005 1033 2090 passim.

325 2116 363 2180 In
388 2113 570 2203 fragmento
594 2111 811 2201 Aristophanis
837 2110 1034 2199 ¹reliquorum
1062 2117 1257 2186 coniecturis

281 2223 413 2291 accedat
433 2223 531 2288 haec:
1022 2220 1024 2225 '

304 2393 354 2445 ,Ἦ
369 2389 531 2465 mom&
549 2389 637 2462 ἀρχὴν
654 2388 776 2456 πολέμου
790 2389 863 2456 μετὰ
880 2388 1056 2463 Πεισάνδρου
1072 2395 1227 2465 πορίσειεν.

280 2553 334 2643 qui
348 2571 455 2618 versus
469 2549 572 2616 lectus
585 2548 664 2635 fuit,
679 2548 795 2638 opinor
802 2548 815 2632 ,'
830 2548 864 2614 in
879 2548 954 2616 loco
970 2548 1110 2617 eiusdem
1125 2557 1248 2643 generis

278 2679 373 2752 utque
389 2676 437 2726 est
459 2662 497 2758 iu,
508 2661 671 2749 Aristoph.
688 2661 770 2726 lian.
789 2680 833 2725 vs.
850 2658 927 2740 354.
941 2683 1010 2750 sqq.
1026 2662 1081 2726 uhi
1094 2663 1249 2752 imprimis

281 2769 466 2849 conferendi
481 2770 631 2836 simillimi
646 2791 753 2834 versus
769 2768 852 2852 360,
872 2769 947 2838 361.
987 2771 1130 2860 Denique
1143 2776 1250 2866 Eupo·

278 2880 351 2948 lidis
378 2883 487 2947 locum
514 2878 679 2962 constitui,
703 2894 740 2944 ut
763 2879 866 2945 voluit
889 2880 1030 2972 Toupius
1053 2884 1190 2955 Emend.
1213 2896 1248 2953 ἰιι

278 2990 366 3058 Sntd.
389 2991 432 3056 ΙΙ.
461 3011 495 3078 p.
524 2987 579 3077 67.
600 3003 639 3068 et
652 3003 816 3078 receptum
831 3006 878 3055 est
893 3012 992 3079 quum
1008 2992 1049 3056 ab
1065 2992 1133 3058 aliis
1146 3010 1213 3061 tum
1229 3020 1249 3062 a

279 3099 439 3166 Meinohio
454 3100 495 3163 F.
512 3098 552 3164 P.
570 3120 643 3188 pag.
662 3095 735 3163 502.

321 3211 365 3277 Π.
411 3206 571 3273 Plutarch.
592 3207 627 3273 iu
644 3209 708 3273 vita
721 3207 764 3274 X.
782 3208 884 3276 Oratt.
900 3232 934 3299 p.
953 3209 1028 3276 833.
1048 3210 1084 3276 C.
1101 3210 1141 3276 de
1156 3214 1248 3279 Anti·

279 3302 639 3412 phonte'Rhamnusio:
670 3321 896 3408 Κεισωμῴδητσοι
919 3321 952 3387 δὲ
979 3325 1020 3397 εἷς
1047 3317 1248 3413 φιλαργσρίσν

278 3437 337 3501 ὑπὸ
359 3430 523 3506 Hlatmoe
544 3434 578 3497 ἐν
597 3433 784 3518 Πεισάνδρῳ.
811 3433 895 3522 vulg.
914 3437 967 3500 salv
987 3436 1168 3522 Πεισάνδρῳ
1183 3460 1246 3502 cer·

281 3543 371 3608 tatim
387 3556 591 3607 correxerunt
604 3541 663 3605 viri
679 3539 784 3606 docti:
800 3541 865 3608 vid.
882 3542 1074 3608 Meinekium
1089 3546 1134 3614 H.
1153 3547 1188 3614 C.
1210 3547 1244 3612 C.

277 3676 312 3743 p.
332 3653 405 3718 180.
450 3649 539 3716 Idem
559 3666 738 3740 opportune
754 3650 932 3739 inFragm.
954 3651 1038 3716 Com.
1051 3675 1086 3740 p.
1103 3653 1179 3720 651.
1197 3654 1244 3718 lo·

277 3783 350 3827 eum
365 3760 469 3826 attulit
487 3769 599 3827 incerti
616 3761 822 3826 Grammatioi
840 3761 927 3848 apud
943 3761 1119 3826 Eudoor'nm
1135 3788 1168 3853 p.
1188 3762 1240 3849 59.

279 3869 347 3960 (sed
374 3887 536 3961 excerptus
563 3886 611 3936 est
638 3894 678 3935 ex
699 3871 881 3936 Philostrati
908 3873 1168 3965 Wt.Sopl1tst.1.
1188 3872 1241 3940 15.

277 4003 351 4072 pag.
379 3983 455 4068 499.
478 3982 526 4046 uti
553 3979 690 4047 ostendit
712 3981 879 4049 Ruhnken.
902 3980 943 4050 de
957 3983 1090 4072 Amph.
1106 3983 1240 4052 Rhama.
