2618 4934
732 343 772 408 18

277 551 378 615 micus
393 546 560 639 flagrabat,
584 546 740 635 originem
755 568 821 612 non
837 544 964 615 aliunde
978 549 1091 619 melius
1105 563 1253 646 repetere

276 660 389 749 possis,
412 680 505 746 quam
530 679 568 722 ex
592 655 750 721 simultate
766 657 810 722 ob
825 656 989 724 licentiam
1003 682 1113 729 severe
1125 688 1251 755 repres-

274 793 340 836 sam
355 784 509 857 suscepta.
556 763 653 847 Quod
668 781 703 831 ut
719 767 754 831 iu
769 765 1024 836 adolescentibus
1039 771 1200 841 Teleclide
1217 794 1253 846 et

272 879 450 969 Hermippo
473 877 569 943 habet
590 877 657 941 veri
680 876 835 965 speeiem,
856 878 902 943 ita
923 880 958 944 in
980 881 1111 949 Cratino
1124 901 1252 957 certum

271 1006 335 1072 eat,
359 990 413 1078 qui
437 989 603 1078 legefpost
622 1002 687 1052 tres
716 1008 817 1050 anuos
839 980 1001 1074 antiquata
1025 990 1127 1059 factus
1151 997 1250 1065 etiam

154 1178 166 1188 .
273 1099 441 1182 audacior,
466 1113 501 1163 ut
523 1097 605 1163 solet
626 1095 710 1161 male
731 1119 874 1186 repressa
897 1098 1072 1187 petulantia
1091 1125 1195 1191 paene
1212 1108 1247 1176 in

269 1210 411 1276 fauorem
425 1223 566 1289 vertere,
586 1227 743 1271 summam
759 1206 980 1273 conviciorum
995 1210 1195 1281 virulentiam
1210 1217 1249 1288 iu

269 1320 427 1386 Periclem
443 1319 551 1400 torsit,
576 1313 617 1382 de
632 1339 696 1403 qua
710 1339 746 1383 re
762 1338 837 1382 mox
851 1318 954 1385 verbo
969 1317 1123 1390 dicemus.

317 1431 442 1496 Interea
463 1427 640 1493 fabularum
663 1441 847 1514 argumenta
869 1426 911 1495 ad
926 1429 1092 1517 pristinam
1107 1433 1247 1505 formam

271 1555 305 1605 et
318 1541 408 1606 iocos
423 1538 568 1604 innoxios
584 1536 756 1607 redierunt.
789 1537 894 1605 Etiam
907 1539 1063 1625 Cratinus,
1078 1544 1166 1611 cuius
1178 1548 1247 1615 ani·

268 1671 337 1714 mus
351 1650 474 1738 inquies
488 1671 553 1713 uon
569 1661 696 1735 poterat
711 1645 791 1713 nihil
803 1664 909 1736 agere,
923 1662 1104 1738 temporum
1118 1667 1151 1718 et
1162 1652 1244 1744 legis

267 1760 446 1826 necessitati
467 1758 607 1846 quamvis
629 1755 885 1845 indignabundus
907 1757 1021 1827 cedere
1040 1759 1166 1848 debuit,
1189 1789 1245 1835 ea·

268 1891 329 1956 que
353 1869 496 1957 scripsit,
521 1889 601 1954 quae
622 1867 747 1933 urbano
766 1866 878 1956 lepore
901 1870 1074 1937 cachinnos
1093 1897 1243 1963 movere,

266 2001 372 2066 neque
385 1995 507 2060 tamen,
522 1978 569 2042 uti
583 1974 747 2060 videntur,
764 1979 948 2066 cuiusquam
961 1977 1079 2045 famam
1090 2000 1243 2069 protem
1295 2042 1298 2048 .

266 2088 393 2155 laedere
416 2101 574 2178 poterant.
617 2087 741 2176 Nempe
765 2089 923 2165 verissima
942 2087 1240 2164 udetmstteinekit

266 2199 397 2287 opinio,
422 2219 502 2285 quae
524 2197 671 2269 omnihus
697 2198 836 2287 placuit,
859 2195 900 2264 ad
913 2195 992 2265 illud
1006 2214 1131 2291 tempus
1145 2204 1243 2292 perti.

266 2329 344 2372 nere
364 2307 505 2372 fabulum
528 2308 700 2388 ’OEoooafe‚
727 2309 817 2374 chori
841 2308 1031 2377 carminibus
1047 2321 1080 2379 et
1094 2315 1241 2402 parabasi

266 2432 450 2501 carentem,
476 2434 507 2483 et
529 2419 574 2483 nil
595 2419 655 2484 nisi
671 2442 741 2487 eam
758 2417 916 2506 Odysseae
932 2436 1073 2508 partem,
1097 2424 1153 2489 ubi
1167 2448 1241 2494 ver·

264 2529 346 2594 sutia
367 2529 484 2618 Ulyssis
496 2530 677 2596 immanem
698 2529 873 2618 Cyclopem
892 2529 976 2595 male
996 2530 1149 2601 mulcasse
1169 2558 1241 2605 aaa»

264 2633 370 2722 ratur,
393 2640 588 2704 iocosissima
608 2639 760 2729 paroetlia
781 2642 816 2707 in
834 2640 931 2707 risum
945 2644 1115 2729 iocumque
1128 2643 1241 2715 detor-

262 2765 429 2837 quentem.
475 2747 757 2817 animadvertendi
775 2750 829 2814 hic
851 2767 923 2817 suut
938 2749 1003 2818 duo
1017 2752 1083 2820 loci
1099 2752 1239 2827 Platonii

259 2863 334 2946 steni
357 2861 444 2942 διαφ.
466 2862 585 2946 mpod.
606 2874 775 2951 p.'m1v.
813 2864 957 2937 Τοιοῦτος
979 2858 1035 2932 οὖν
1058 2870 1122 2941 leta
1142 2872 1161 2935 ὁ
1184 2878 1240 2953 sija

258 2971 356 3057 pinpo
366 2974 529 3057 moadiae
549 2981 661 3051 mimae,
686 2968 749 3046 οἶός
769 2976 833 3048 icta
854 2976 873 3039 ὁ
893 2974 1090 3049 Adclamatur
1108 2980 1238 3065 Ἀριςο.

257 3082 375 3167 tudam
386 3088 440 3150 atel
452 3083 484 3151 ai
494 3085 647 3160 'Oduuosie
660 3084 815 3171 Κρατίνου
829 3087 881 3155 καὶ
895 3085 1003 3164 adsient
1015 3094 1079 3156 ses
1089 3089 1237 3162 παλαιῶν

201 3271 207 3280 ‚
258 3191 421 3281 δραμάὲων
429 3201 610 3284 οὔτεχορικὰ
619 3199 1234 3288 obaecmapidauci'xorsmetpagmxxv.

255 3311 302 3376 vi
314 3313 398 3388 Ιγοῦν
423 3307 574 3383 'Oducoeir
593 3309 754 3394 Κρατίνου
778 3310 902 3387 oddtude
923 3311 1095 3394 testeque
1115 3313 1235 3398 ἔχουσι,

254 3418 426 3506 ΰιωυρμὸν
433 3416 466 3488 δὲ
473 3429 528 3503 σῆς
537 3418 862 3505 ’Oduuselee‘Opulaou
872 3416 1022 3486 Dicemus
1031 3417 1237 3490 deindeuon·

252 3520 345 3594 stalla
359 3530 400 3596 ds
412 3532 478 3596 hoc
487 3528 669 3603 fabularum
683 3549 817 3618 generet
834 3529 1040 3596 sufficiat'biu
1054 3532 1234 3618 monuisse,

252 3631 380 3709 'nub-id
402 3636 534 3705 saltasse
557 3639 980 3729 huiuscemodiparoediaa,
1004 3645 1041 3705 u‘t
1062 3649 1234 3731 poisatum

258 3746 415 3832 earmina,
439 3750 523 3814 unde
547 3768 730 3840 argumenta
755 3752 1011 3835 arcessebantur,
1033 3774 1093 3841 pro
1116 3752 1235 3840 ineptis

258 3875 312 3923 aut
336 3858 476 3924 ridiculis
495 3857 754 3925 traducerentur:
779 3881 853 3924 nam
877 3876 990 3945 contra
1009 3879 1072 3947 quo
1087 3861 1233 3950 praeola-

254 3968 317 4033 rius
346 3983 565 4060 argumentum
592 3969 627 4035 in
649 3970 773 4035 iocosae
797 3971 945 4059 ineptias,
962 3986 1006 4036 att
1019 3969 1076 4035 ita
1097 3968 1229 4057 dicam,
