2618 4934
615 340 658 404 68

207 547 270 613 Sed
292 546 423 610 niarium
446 541 500 606 diu
516 540 689 605 celebratus
704 539 757 603 ille
773 539 860 604 locus
876 541 916 604 cle
932 544 1040 609 Fortis
1056 547 1129 612 Cle·

163 658 275 726 mentis
291 652 506 734 Alexandrini,
534 651 620 714 cuius
643 651 821 738 gravissima
836 655 1056 721 auctoritas‘in
1071 657 1130 723 du-

164 771 252 834 bium
273 747 381 832 vorari
401 784 574 853 possenon
588 758 772 843 videbatur,
794 763 939 829 homines
955 764 1066 832 doctos
1081 767 1131 832 lu·

164 878 309 944 dificatus
325 891 388 958 est,
411 875 464 962 qui
479 893 734 957 nonnumquam,
753 892 849 958 quum
870 895 1000 939 caecum
1016 875 1131 942 ducem

75 1027 78 1033 ·
163 988 264 1053 securi
291 998 513 1073 sequerentur,
545 982 578 1044 in
606 980 760 1044 ioculares
783 1004 906 1047 errores
931 983 1131 1052 inciderunt:

164 1120 260 1187 quare
281 1116 397 1184 operae
415 1091 552 1180 pretium
568 1112 619 1155 nre
636 1090 792 1155 facturum
808 1093 970 1177 existimo,
992 1097 1019 1159 si
1035 1119 1133 1184 quam

163 1208 233 1273 fieri
259 1217 364 1296 potest
383 1201 564 1267 brevissime
590 1199 774 1284 ostendero,
797 1224 861 1290 quo
883 1205 956 1308 lopo
973 1226 1010 1269 ac
1024 1207 1137 1295 pretio.

163 1314 326 1383 habendus
350 1313 391 1376 sit
415 1327 508 1376 notus
531 1311 589 1374 iste
618 1330 763 1376 excursus
785 1311 824 1377 de
850 1313 1042 1380 Graecorum
1067 1316 1135 1380 fur·
1163 1369 1170 1381 a

165 1427 219 1510 tis,
246 1425 300 1513 qui
321 1408 419 1487 exstat
438 1421 472 1484 in
489 1420 658 1484 Clementis
671 1421 784 1488 Strom.
798 1423 869 1489 Lib.
881 1423 937 1490 VI.
947 1425 1133 1514 737-752.

199 1535 328 1600 'Nititur
353 1533 499 1597 Clemens
527 1530 687 1614 educere,
718 1531 804 1620 quod
827 1533 879 1597 isti
902 1519 996 1599 aetati
1012 1535 1134 1602 condo·

162 1645 303 1711 nandum
328 1658 401 1725 est,
417 1642 555 1706 Graecos
579 1649 746 1729 scriptores
771 1650 866 1707 etiam
891 1654 1152 1731 eetttstz’sst'uto's,÷⁸

165 1764 195 1820 st'
222 1755 301 1846 quid
320 1753 458 1818 habeant
467 1775 551 1840 prae
574 1760 686 1815 ceteris
709 1759 877 1837 eximium,
905 1756 942 1820 td
962 1748 1141 1824 illos-omne

162 1865 321 1928 derivasse
346 1862 386 1925 de
410 1860 500 1924 ltbrts
528 1865 645 1921 nostris
671 1859 777 1924 Sacris
804 1864 955 1927 Foedert‘s
979 1869 1136 1956 Antiqui:
1166 1880 1184 1953 J

162 1973 260 2038 verba
271 1985 343 2034 sunt
354 1968 574 2035 Valckenaerii
587 1967 627 2031 de
641 1970 782 2036 Aristob.
798 1970 869 2037 Iutlt
885 1960 958 2062 pag.
971 1995 1037 2038 ιτα
1054 1999 1134 2062 quae

164 2081 276 2171 opinio
303 2101 367 2167 quo
394 2077 449 2141 fiat
476 2077 574 2166 magis
600 2079 797 2167 probabilis,
824 2081 870 2146 sie
897 2095 1135 2172 argumentatur

163 2213 238 2280 pag.
257 2189 333 2278 737.
363 2189 440 2274 Φέρε
467 2194 618 2275 μάρτυρας
644 2197 698 2273 τῆς
713 2192 828 2276 κλοπῆς
845 2195 952 2270 αὐτούς
972 2195 1045 2260 καθ’
1062 2201 1132 2264 ἑαυ-

164 2304 228 2369 τῶν
252 2307 468 2388 παραςήσωμεο
489 2305 558 2376 totle
572 2299 738 2386 Ἓλληνας·
759 2307 790 2368 οἱ
800 2307 862 2389 ’γὰρ
877 2307 916 2370 τὰ
933 2294 1137 2384 οἶκεῒαοιλτσσο

163 2398 306 2500 inrepere
332 2413 406 2500 στοᾷ
429 2411 568 2495 ἀλλήλων
595 2417 809 2501 ὑφαιρούμεᾱοι
835 2419 990 2504 βεβαιοῦσι
1015 2422 1074 2501 μὲν
1090 2423 1135 2485 -τό

165 2524 294 2592 κλέπται
324 2519 424 2602 εἶναι,
459 2526 683 2610 σφετερίζεσθαι
715 2527 749 2591 δὲ
782 2563 825 2578 ·-
856 2532 913 2610 τὴν
942 2529 1015 2615 παρ’
1050 2515 1136 2614 ἡμῶν

165 2638 316 2716 ἀλήθειαν
330 2667 374 2684 -·
395 2633 496 2720 λάθρα
518 2636 757 2704 tauretunensis.
780 2643 823 2702 Ei
840 2643 897 2726 γὰρ
911 2640 985 2724 μηδὲ
1004 2646 1134 2727 ἑαυτῶν,
1170 2668 1172 2674 ’

70 2816 76 2828 ,
167 2747 261 2834 σχολῇ
280 2745 362 2827 γ’ἄν
380 2735 442 2814 τῶι
464 2746 613 2829 ἡμετέρων
626 2747 804 2827 ἀφέξονται.
821 2749 936 2814 Credas
951 2751 1015 2814 rim
1032 2773 1137 2816 exem-

97 2905 99 2909 *
165 2856 291 2946 plorum
314 2857 384 2922 riro
409 2854 508 2918 docto
536 2874 602 2918 esse
626 2852 668 2918 ad
690 2876 835 2938 manum,
859 2860 970 2946 quibus
994 2877 1136 2927 atrocem

170 2967 422 3032 criminationem
447 2961 624 3028 lucidenter
651 2963 834 3030 confirmet:
860 2969 932 3050 sed,
950 2956 1137 3061 quamquam

168 3074 461 3165 scriptorum'loeos
474 3094 569 3163 quam
585 3075 738 3163 plurimos
753 3069 843 3141 inter
851 3101 884 3143 se
898 3080 1046 3162 eontulit,
1061 3079 1137 3143 fruti

168 3188 346 3277 exemplum
364 3185 491 3251 nonnisi
505 3185 634 3250 unicum
649 3186 814 3275 produxit,
840 3187 964 3252 Philisti
980 3212 998 3254 e
1012 3188 1138 3278 'l'huoy-

169 3296 243 3364 dide
257 3321 330 3388 pag.
350 3301 442 3385 740„
465 3319 559 3383 quem
584 3296 712 3383 quidem
734 3306 829 3363 nemo
844 3298 1012 3387 ignorabat
1026 3299 1135 3365 sedulo

167 3404 372 3498 Thucydides
391 3399 547 3471 imitando
563 3408 756 3495 expressisse.
805 3409 917 3472 Cetera
934 3410 1041 3472 omnia
1057 3413 1135 3476 eius·

168 3517 258 3585 modi
284 3533 382 3602 sunt,·
401 3533 437 3580 ut
464 3518 503 3582 ab
523 3518 561 3582 iis
586 3517 685 3582 modo
708 3542 768 3604 pro
791 3518 902 3607 plagiis
916 3517 999 3582 serio
1016 3521 1136 3607 possint

167 3629 295 3709 haberi,
321 3630 376 3711 qui
396 3651 492 3717 quum
508 3629 567 3716 ipsi
582 3628 744 3693 sterilitate
760 3627 877 3717 ingenii
892 3627 993 3691 ubivis
1010 3651 1049 3694 ex
1065 3629 1137 3694 alio·

168 3759 238 3802 rum
247 3737 423 3803 imitatione
435 3737 608 3826 pendeant,
621 3739 779 3805 neminem
791 3762 880 3804 suum
890 3760 956 3804 esse
967 3741 1134 3828 patiantur.

207 3830 330 3930 Quid,
369 3847 542 3913 mitissimas
580 3850 656 3915 olim
684 3852 875 3935 sententias,
909 3849 1014 3938 quales
1047 3866 1134 3944 suut:

170 3957 268 4027 tradit
289 3981 348 4023 sua
368 3979 519 4048 quemque
543 3960 682 4050 voluptas
707 3959 790 4050 (pag.
809 3959 900 4050 739.)
918 3962 1136 4056 pauperinus

815 4182 827 4219 l
