2618 4934
744 352 788 420 48

277 557 464 652 'exigebants
493 558 528 625 oi
550 560 607 645 γὰρ
630 554 669 640 ἦν
690 582 762 624 τινα
783 563 946 644 προφανῶς
967 564 1133 646 σκώπτειν,
1157 566 1243 645 δίκας·

280 673 489 739 ἀπαιτούντων
507 674 569 736 τῶν
584 670 790 758 ὑβριζομένων
807 675 890 757 παρὰ
908 676 971 740 τῶν
985 679 1177 760 ποιητῶν-
1189 681 1243 747 καὶ

279 784 331 848 tut
360 788 447 849 τοῦτο
472 781 544 870 (uec
559 780 686 867 mirum)
712 783 899 868 ὀκνηρότεραι
919 787 993 868 πρὸς
1014 790 1054 852 τὰ
1075 792 1240 875 σκώμματα

279 892 429 982 ἐγένοντο.
452 890 612 955 Platouius
633 887 710 954 ibid.

286 1037 292 1043 ·
320 1001 384 1069 Sed
410 1003 512 1067 brevis
537 1000 600 1064 illc
617 999 714 1062 timor
736 998 814 1065 fuit:
849 1023 921 1067 nam
945 1003 997 1069 vix
1021 1027 1078 1092 per
1104 1023 1241 1093 quatuor

274 1134 395 1178 menses
417 1108 644 1198 Quadringenti
656 1107 816 1174 infirmum
830 1109 997 1199 imperium
1012 1111 1148 1180 retinere
1162 1133 1239 1205 pot·

274 1239 398 1290 uerunt.
446 1221 625 1285 Revertitur
649 1218 846 1285 Alcibiades:
883 1218 1077 1291 democratia
1100 1228 1238 1291 restitui·

273 1335 345 1398 tur:
374 1329 429 1397 aed
450 1353 515 1394 non
531 1330 637 1394 statim
652 1353 689 1394 ea
704 1327 826 1395 rediere
839 1345 1001 1421 tempora,
1025 1357 1105 1420 quae
1120 1337 1238 1402 misere

271 1443 404 1508 imctmn
424 1439 631 1513 Comoediam
650 1440 759 1507 lovere
774 1455 807 1506 et
822 1441 984 1534 restituere
998 1460 1143 1531 possent:
1168 1469 1238 1519 non

271 1569 340 1620 erat
368 1549 534 1617 cavillandi
554 1551 642 1615 locus
666 1550 699 1614 in
719 1551 838 1648 peceati
859 1573 897 1616 ac
909 1552 998 1618 male
1019 1570 1130 1621 curato
1153 1557 1236 1646 reip.

270 1663 416 1729 vulnere:
436 1659 506 1727 sed
526 1660 677 1751 paulatim
692 1660 826 1749 populus
841 1660 882 1727 ad
896 1662 1058 1751 pristinam
1073 1664 1237 1736 licentiam

269 1771 364 1838 rediit
377 1772 537 1860 factusque
553 1770 642 1836 malis
656 1772 847 1857 suspicacior
861 1772 1092 1859 potentioribus
1109 1776 1142 1840 in
1153 1777 1234 1865 reip·

161 1923 163 1926 >
198 1912 200 1917 ¹
268 1881 343 1946 viris
363 1881 493 1944 infestus
518 1888 598 1943 erat.
645 1875 827 1943 Alcibiades
848 1878 962 1943 iterum
991 1880 1074 1950 cedit
1096 1884 1235 1953 invidiae

268 2003 301 2054 et
316 1987 401 2050 ultro
417 1987 484 2051 abit
498 1986 532 2049 in
547 1985 704 2067 exsilium,
729 2001 762 2052 et
776 1986 956 2073 nequissimi
971 1990 1128 2071 homines,
1154 2015 1233 2059 con·
1301 2074 1302 2079 ἵ

269 2097 373 2163 eiliata
393 2095 454 2160 sibi
478 2092 636 2160 adulando
658 2094 883 2184 largiendoque
903 2097 1085 2187 plebeculae
1108 2101 1228 2189 gratia,

265 2212 394 2299 impune
406 2228 506 2295 remp.
524 2206 719 2296 perturbant.
763 2207 800 2275 In
814 2208 876 2277 bac
891 2207 1018 2276 lieentia
1032 2209 1153 2280 animos
1168 2213 1232 2276 Co·

265 2317 391 2384 moedia
412 2317 550 2406 recepit,
574 2333 607 2382 et
630 2317 760 2404 pristina
785 2317 916 2387 audacia
937 2318 1100 2406 improbos
1123 2319 1231 2388 dema-

263 2452 362 2521 gogos
376 2449 518 2519 aggressa¹
531 2443 577 2493 est
589 2430 761 2514 κωμῳδεῖν,
777 2427 971 2517 Olympiadis
986 2430 1113 2503 circiter
1125 2433 1232 2498 XCIII

264 2563 348 2605 anno
374 2540 487 2620 tertio,
521 2561 583 2626 quo
609 2561 693 2604 anno
722 2539 945 2626 Aristophanes
965 2541 1074 2620 donas
1100 2540 1230 2628 docuit,
1296 2605 1298 2609 ,

262 2651 382 2736 antiqui
406 2648 530 2738 spiritns
553 2649 710 2730 fabulam,
733 2648 765 2710 iu
783 2669 844 2734 qua
858 2651 942 2716 civee
955 2651 1160 2738 nequissimos
1176 2678 1230 2723 au·

261 2759 409 2826 ctoritate
422 2758 506 2830 male
520 2774 609 2848 parta
624 2771 772 2845 proterve
788 2757 950 2823 abutentes
964 2781 1071 2849 aspere
1087 2751 1228 2854 exagita.

260 2870 325 2952 nit,
349 2869 595 2958 Cleopbontem,
609 2863 861 2947 Archedemum,
880 2865 969 2941 alios.
1007 2869 1083 2937 Nou
1100 2873 1227 2943 minore

261 2978 391 3047 audacia
414 2978 530 3046 eodem
554 2998 636 3043 auno
658 2976 764 3060 Plato,
786 2975 820 3047 in
844 2975 1090 3070 demagogorum
1103 2985 1227 3070 imper.

258 3091 454 3155 maissimum
484 3086 720 3175 Cleopborttem,
743 3085 933 3175 productum
955 3092 1112 3171 inscena,
1136 3113 1225 3155 ama-

258 3201 421 3286 rissimam·
438 3196 655 3264 conviciomm
678 3195 877 3272 virulentiam
905 3199 1028 3280 effudit,
1060 3197 1107 3263 uti
1136 3198 1237 3279 infra⁴
1267 3238 1269 3240 -

259 3307 470 3376 ostendemus.

301 3418 365 3485 Sed
380 3440 446 3482 non
466 3415 520 3481 diu
535 3414 709 3482 Comoedia
723 3416 851 3505 antiqua
865 3418 910 3511 sic
927 3418 1013 3505 quasi
1027 3419 1156 3511 revixit:
1180 3445 1222 3489 ac

257 3529 345 3597 brevi
366 3543 437 3616 post
447 3523 591 3623 'funditus
615 3513 723 3616 deleta
735 3535 801 3597 ¹est:
827 3527 912 3623 culpe
926 3527 972 3599 rel
985 3526 1091 3624 ‘plures
1107 3554 1223 3601 causae

259 3640 454 3714 exstiterunt.
499 3638 612 3706 Cooni
637 3652 725 3720 tunt,
760 3637 813 3725 qui
837 3638 938 3714 illidat
963 3638 1023 3713 tibi
1042 3663 1062 3711 a
1081 3642 1221 3734 Comitis

257 3750 384 3814 iniurias
413 3749 520 3836 quavis
543 3748 667 3814 ratione
693 3748 800 3814 ulcisci
826 3751 984 3839 gestirent
1028 3753 1075 3816 Ex
1103 3755 1236 3822 horum·

255 3866 388 3954 numero
414 3858 583 3958 Agyrrhius
607 3859 680 3957 luit,
710 3856 808 3928 bomo
828 3878 980 3961 nequam²
1006 3863 1058 3953 qui
1077 3862 1178 3929 laesus
1192 3865 1221 3932 ‘a

258 3969 396 4037 comicis
419 3964 657 4059 gratia‚''quam
680 3968 841 4061 largiendo
864 3973 1129 4062 sibiparaverat,
1152 3975 1227 4053 vid..
