2618 4934
619 347 663 410 20

163 551 281 616 Athen.
298 549 338 614 11.
353 570 427 638 pag.
442 548 497 614 68.
510 547 575 638 G..)
599 547 680 613 Satis
695 569 851 638 superque
866 573 905 616 ex
919 551 969 617 his
986 550 1136 645 apparet,

164 659 206 726 ad
230 682 321 748 quam
344 658 513 748 insipidum
537 659 683 724 iocorum
708 682 805 750 genus
830 663 987 751 ingeniosi
1016 674 1136 755 poetae

164 767 380 860 confugerint,
409 793 450 834 ne
475 767 552 858 quid
576 769 796 839 multarentur.
842 772 963 840 'lamen
984 775 1144 844 dolorem-

164 882 261 948 animi
286 882 448 946 continere
470 880 614 944 Cratinus
639 903 705 944 non
720 883 839 969 potuit,
864 885 1135 976 significaritque,

162 993 223 1058 nisi
249 993 386 1082 graviter
405 990 514 1074 fallor,
537 992 570 1054 in
591 982 791 1081 fragmento,
817 994 903 1080 quod
925 1013 1025 1062 exstat
1049 999 1136 1088 apud

162 1101 302 1191 Etymol.
317 1102 425 1191 Magn.
443 1123 516 1190 pag.
535 1099 610 1188 367,
624 1123 677 1166 ar.
700 1102 776 1169 Ἐπὶ
789 1107 974 1196 Χαριξένης]
992 1109 1138 1198 αὐλητρὶς

163 1222 184 1299 η
207 1213 365 1298 Χαριξένη
382 1212 510 1297 ἀρχαία,
533 1215 586 1277 καὶ
608 1221 748 1298 ποιήτρια
769 1223 955 1300 κρουμάτων.
979 1223 1011 1284 οἱ
1033 1220 1066 1285 δὲ
1083 1248 1137 1302 με·

165 1325 300 1392 λοποιόν·
324 1325 502 1405 Θεόπομπος
520 1330 673 1408 Σειρῆσιν·
696 1325 801 1390 Atta
814 1332 872 1411 γὰρ
888 1333 988 1414 σαπρὰ
1006 1321 1085 1416 αὕτη
1100 1359 1139 1413 γε

166 1443 332 1521 αρονμάτια
352 1438 392 1499 τὰ
416 1438 466 1501 ἐπὶ
487 1435 670 1519 Χαριξένης.
696 1443 822 1522 Κράτης
844 1439 1045 1510 Ὀδυσσεῦσιν.
1074 1446 1139 1510 Οὐκ

167 1548 232 1631 ἰδέα
255 1547 322 1613 τάδ’
341 1546 464 1612 σύκετόν
483 1553 537 1610 θοι
557 1547 632 1611 rainl
655 1548 839 1633 Χαριξένης.
860 1550 1082 1638 Ἀριςοφάνης,
1102 1556 1141 1622 οὐ

165 1663 207 1726 τὰ
228 1663 307 1725 κατὰ
327 1660 457 1741 μισθὸν,
488 1656 557 1722 ἀλλ’
580 1652 645 1724 οἷον
669 1661 721 1723 καὶ
743 1658 822 1724 a’ttot
845 1687 927 1730 τινα.
973 1661 1138 1743 Quantivis

162 1771 258 1860 pretii
269 1767 572 1834 animadversionem
584 1767 784 1834 foedissimae
797 1772 931 1837 mendae
941 1771 1133 1845 deformant.

164 1881 202 1944 ln
216 1877 416 1968 Theopompi
432 1876 508 1940 loeo
523 1877 645 1943 numeri
660 1878 706 1942 sie
720 1881 841 1945 restitui
856 1899 1006 1970 possunt:
1032 1875 1034 1879 Α

673 2027 771 2099 ,αὐλεῖ
786 2023 837 2102 μὰρ
854 2031 944 2101 σαπρὰ

322 2118 403 2186 Αὕτη
420 2136 453 2185 με
471 2114 611 2189 ιιρουμάτι’
631 2117 704 2172 ἄττα
721 2118 791 2174 ’τάπὶ
808 2118 970 2192 Χαριξένης.

163 2270 240 2334 Post
266 2267 486 2360 Aristophanis
512 2288 630 2332 nomen
663 2285 755 2335 acute
783 2269 929 2336 viderunt
955 2272 1014 2337 viri
1044 2271 1133 2344 docti

164 2377 314 2445 excidisse
335 2377 442 2442 locum
464 2399 503 2441 ex
524 2377 700 2446 Ecclesiae.
723 2402 784 2447 vss.
806 2385 883 2467 942.
906 2403 975 2473 sqq.
1028 2375 1032 2381 ’

370 2543 500 2612 Οἰμῶζον
516 2544 569 2614 ἄρα
586 2548 620 2614 νὴ
637 2548 693 2597 Δία
710 2547 873 2614 σποδήσεις,

372 2622 971 2706 mmmmmfflm‘

403 2727 485 2776 Κατὰ
501 2728 549 2778 τὸν
566 2726 649 2790 νόμον
665 2729 759 2778 ταῦτα
776 2738 867 2780 ποιεῖν
905 2722 906 2725 ¹
946 2761 948 2764 >

302 2840 305 2844 ’
367 2817 432 2875 ”Ee
450 2819 578 2884 δίκαιον,
596 2820 623 2869 sl
642 2818 910 2885 δημοκρατούμεθα.
956 2874 959 2881 ,

167 2994 261 3061 quem
281 2970 389 3035 locum
411 2968 575 3052 adscribo,
599 2968 673 3056 quia
697 2969 811 3034 eximie
828 2969 905 3036 facit
920 2971 961 3037 ad
976 2975 1136 3062 explican-

168 3080 242 3146 dam
262 3077 449 3144 sen'tentiam
466 3076 644 3166 proverbii,
668 3075 708 3142 de
724 3100 788 3166 quo
804 3079 974 3145 nihil'du'm
990 3096 1137 3148 constare

167 3192 279 3274 video,
295 3205 327 3256 et
342 3187 427 3253 unde
438 3187 559 3277 'pendet
574 3187 714 3253 Cratinei
729 3189 794 3254 loci
811 3189 988 3255 illustratio.
1013 3190 1139 3281 Nempe

167 3308 208 3370 τὰ
227 3303 278 3370 s'nl
298 3295 472 3387 Χαριξένης
492 3299 621 3388 proprie
641 3299 706 3364 diei
720 3299 843 3365 ridetur
858 3295 899 3363 de
913 3297 1016 3364 modis
1032 3298 1066 3365 et
1079 3325 1138 3367 nu·

168 3415 281 3496 meris,
306 3411 411 3500 quales
430 3407 574 3479 rudiores
593 3409 705 3474 Musici
722 3425 755 3474 et
771 3410 944 3475 Charixeua
959 3411 1036 3476 olim
1050 3411 1138 3480 lude·

167 3527 261 3605 bant,
285 3519 400 3587 deinde
423 3514 573 3586 obsoletis
590 3535 639 3603 et,
661 3519 778 3607 utilit,
803 3519 948 3609 explosis.
995 3522 1081 3588 Hine
1100 3526 1137 3592 οὐ

167 3637 243 3702 rent
257 3632 431 3718 Χαριξένης
449 3632 518 3697 τάδ’
539 3633 602 3707 teir
616 3628 750 3712 dieitur,
766 3631 822 3696 ubi
836 3645 944 3696 vetera
958 3635 1140 3698 omniamo-

168 3745 215 3809 ris
229 3745 337 3809 locum
353 3743 478 3806 cessisse
492 3741 709 3831 significantur
724 3755 777 3823 aut
793 3741 933 3807 moribus
949 3759 1002 3807 aut
1016 3743 1139 3807 institu-

168 3855 226 3920 tis:
237 3846 506 3940 quemadmodum
517 3849 551 3913 in
561 3848 868 3938 locoslristophanis
882 3851 1023 3941 pruriens
1032 3853 1139 3922 vetula

169 3980 278 4032 monet
298 3959 589 4042 adolescentulum,
612 3961 675 4026 iam
695 3984 760 4027 non
776 3961 954 4029 obsoletam
969 3977 1137 4030 cousuetu-
