2618 4934
632 368 672 434 10

178 571 413 649 observaverint
440 569 732 662 opportunitatem,
765 591 828 658 qua
842 559 977 659 ¹populo
1006 574 1149 660 quamvis

173 683 365 774 repugnanti·
382 679 601 765 suaqdeliciss
615 677 731 765 blande
746 679 921 769 eriperent,
944 681 1009 747 sive
1023 679 1057 770 in
1071 685 1146 774 ipso

174 794 345 884 gravissimi
359 793 434 859 belli
449 808 615 882 apparatu,
640 813 704 879 quo
720 805 865 879 tempore
881 792 1017 859 maxime
1031 811 1146 887 nerent

176 902 293 968 invidia
308 927 327 968 a
342 926 477 1016 qnorum
488 903 603 968 virtute
615 901 751 967 victoria
766 917 976 991 exspectatur,
990 903 1055 970 sive
1070 919 1148 995 post

173 1012 292 1080 laetum
305 1028 498 1121 expugnatae
510 1007 599 1078 Sami
609 1011 772 1102 nuntium,
783 1032 878 1099 quam
891 1013 1021 1079 victoris
1034 1013 1145 1082 laudes

174 1125 214 1190 ab
235 1124 327 1190 hilari
348 1113 442 1214 plebe
464 1118 586 1190 effusae
595 1118 866 1219 celebrarentur.
949 1122 952 1128 ’

217 1234 363 1324 Denique
386 1236 486 1301 facilis
509 1225 645 1324 suspicio
666 1249 729 1316 est,
736 1214 912 1298 Periclem
932 1231 974 1298 ad
988 1205 1144 1304 amolien-

173 1342 249 1414 dam
272 1341 426 1411 invidiam
450 1365 517 1410 non
540 1366 579 1409 ex
597 1362 660 1408 sua
667 1363 803 1431 persona
817 1339 981 1409 decretum
995 1367 1144 1436 rogasse,

107 1482 109 1487 ⁴
171 1453 261 1525 sed
251 1455 414 1521 immisisse
429 1477 468 1521 ex
482 1454 592 1528 amicis
607 1453 774 1542 aliquem,
784 1453 965 1541 Ephialtem
979 1476 1020 1521 an
1034 1457 1147 1546 Agno-

170 1579 248 1647 nem
261 1587 311 1637 an
316 1565 426 1648 aliana
438 1565 496 1653 qui
509 1587 600 1633 auum
612 1585 731 1629 nomen
744 1561 916 1628 Plebiscito
931 1563 1144 1635 adscriberatt

168 1650 295 1767 idque
280 1674 555 1748 verisimillimum
567 1683 624 1740 est
629 1675 664 1741 in
675 1676 740 1745 bac
751 1696 787 1741 re
801 1695 868 1738 non
869 1673 1051 1762 neglexisse
1058 1677 1146 1744 Peri·

124 1836 129 1850 ,
167 1783 282 1880 ulam,
306 1787 359 1874 qui
387 1786 473 1851 circa
497 1787 577 1851 haec
601 1799 747 1878 tempora
773 1791 825 1851 τοῦ
850 1786 999 1870 δήμου
965 1812 1001 1853 το
1023 1792 1145 1877 συνεχὲς

169 1902 293 1979 ’φεύγων
312 1899 366 1990 sel.
378 1900 438 1964 τὸν
454 1901 543 1983 κόροι
556 1931 601 1969 ·,-
612 1897 723 1964 iectis
741 1899 815 1982 πρὸς
831 1897 1161 1987 vespertinamque

169 2007 326 2084 ἐπιδιδούς
343 2008 444 2080 setta
464 2008 570 2092 plicae
585 2010 637 2074 καὶ
652 2010 1065 2095 &sumtuosissimae
1077 2009 1144 2100 (1),

172 2115 359 2206 praesertim
378 2137 483 2205 ,quum
500 2115 603 2207 legem
622 2116 719 2205 ferret
735 2111 1146 2206 plerisquecivibusmoless

168 2241 273 2309 stam,
289 2225 352 2295 sihi
371 2227 438 2301 uni,
450 2227 599 2301 omnium,
614 2226 749 2292 maxime
764 2226 947 2296 iucundam.
985 2227 1062 2305 Sed,
1072 2245 1145 2298 utut

168 2333 280 2419 idest,
296 2358 378 2409 nam¹
387 2335 528 2410 destituti
540 2338 686 2403 omnibus
700 2352 844 2413 veterum
860 2328 1140 2429 monumentorum

121 2516 126 2528 ,
167 2443 381 2520 subsidant
400 2447 461 2513 nisi
482 2448 680 2523 coniecturas
694 2432 943 2536 probabileshic
958 2451 1137 2539 sequimur,

167 2572 256 2630 extra
271 2560 518 2625 conmoversiam
534 2557 659 2625 ridetur
669 2559 821 2647 positum,
834 2558 989 2626 Periclem
1000 2562 1140 2652 primmn

164 2667 263 2740 inisse
283 2668 342 2755 qui
356 2669 461 2733 ⁴nimis
481 2667 708 2744 lascivientem
718 2667 842 2735 Musa'm
858 2671 1141 2749 comicamsenere

167 2776 368 2864 represserit:
394 2798 565 2864 quaeres,
590 2800 779 2865 quamquam
804 2803 901 2846 nemo
926 2780 1021 2871 quad,
1037 2785 1140 2851 sciam

168 2883 286 2961 diserte
301 2884 458 2976 ostendit,
479 2886 610 2959 Periclis
624 2889 723 2954 vitam
739 2906 772 2955 et
786 2893 1026 2959 Atheniensium
1038 2893 1140 2961 histo·

164 2995 249 3065 ,mam
262 2993 439 3086 *diligenter
460 2999 660 3074 excutientes,
674 2999 784 3066 fallere
799 3025 866 3068 non
881 3017 1004 3093 potest,
1024 2986 1139 3094 quem·

83 3122 85 3129 ’
168 3103 341 3178 admodum
355 3123 422 3179 non
435 3106 527 3173 latuit
539 3109 733 3196 Clarissium,
749 3113 802 3199 qui
815 3135 865 3178 res
878 3114 1009 3187 Periclis
1023 3111 1138 3184 ordine

166 3235 338 3299 enarrans,
361 3217 418 3281 ubi
432 3215 473 3282 ad
487 3218 567 3284 baec
582 3233 729 3310 tempora
743 3221 848 3305 venit,
872 3232 945 3312 post
961 3221 1139 3297 debellatos

168 3323 308 3412 §amics
312 3325 498 3401 comoediae
519 3327 681 3408 licentiam
696 3351 716 3393 a
731 3329 855 3396 Pericle
873 3333 1045 3399 coercitam
1059 3334 1139 3400 scri·

166 3436 228 3524 psit
248 3436 283 3502 in
306 3437 485 3514 Comment.
507 3438 547 3503 de
568 3440 706 3523 Pericle,
728 3463 802 3531 pag.
828 3440 882 3508 36.
1132 3504 1136 3515 ,

167 3544 278 3619 „sed
292 3549 459 3638 aliquanto
472 3549 595 3640 gratim
612 3564 659 3615 est
673 3550 770 3633 scire,
793 3504 950 3638 quidnam
956 3549 1036 3640 lege
1041 3514 1140 3622 fuerit

127 3634 129 3642 Ι
167 3655 317 3723 vetitum:
340 3681 415 3725 nam
428 3661 496 3750 ipsa
511 3660 717 3726 Grammatici
732 3662 848 3744 verba,
872 3664 908 3728 τὸ
927 3669 1068 3748 ψήφισμα
1082 3671 1139 3733 τοῦ

163 3774 206 3854 μὴ
218 3771 391 3858 κωμῳδεῖν,
408 3794 489 3859 quae
504 3793 542 3837 ex
556 3774 704 3840 uberiore
723 3767 953 3842 commentario
967 3787 1041 3858 sunt
1056 3796 1137 3841 con-

193 4005 235 4079 (1)
254 3965 321 4066 Pin}
339 4013 369 4067 iu
386 4013 448 4070 Per.
466 4029 523 4082 cap.
543 4013 601 4068 Vll.
