<?xml version="1.0" encoding="UTF-8"?>
<!DOCTYPE html PUBLIC "-//W3C//DTD XHTML 1.0 Transitional//EN"
    "http://www.w3.org/TR/xhtml1/DTD/xhtml1-transitional.dtd">
<html xmlns="http://www.w3.org/1999/xhtml" xml:lang="en" lang="en">
 <head>
  <title>
</title>
<meta http-equiv="Content-Type" content="text/html;charset=utf-8" />
  <meta name='ocr-system' content='tesseract 3.04.00' />
  <meta name='ocr-capabilities' content='ocr_page ocr_carea ocr_par ocr_line ocrx_word'/>
</head>
<body>
  <div class='ocr_page' id='page_1' title='image "./observationescr01cobegoog/observationescr01cobegoog_0137.png"; bbox 0 0 2618 4934; ppageno 0'>
   <div class='ocr_carea' id='block_1_1' title="bbox 745 379 789 446">
    <p class='ocr_par' dir='ltr' id='par_1_1' title="bbox 745 379 789 446">
     <span class='ocr_line' id='line_1_1' title="bbox 745 379 789 446; baseline 0 0"><span class='ocrx_word' id='word_1_1' title='bbox 745 379 789 446; x_wconf 78' lang='lat'>86</span> 
     </span>
    </p>
   </div>
   <div class='ocr_carea' id='block_1_2' title="bbox 255 582 1302 3029">
    <p class='ocr_par' dir='ltr' id='par_1_2' title="bbox 255 582 1302 3029">
     <span class='ocr_line' id='line_1_2' title="bbox 286 582 1253 679; baseline 0.01 -31"><span class='ocrx_word' id='word_1_2' title='bbox 286 585 364 648; x_wconf 88' lang='lat' dir='ltr'>bant</span> <span class='ocrx_word' id='word_1_3' title='bbox 387 582 591 647; x_wconf 87' lang='lat' dir='ltr'>Comicorum</span> <span class='ocrx_word' id='word_1_4' title='bbox 606 602 728 664; x_wconf 87' lang='lat' dir='ltr'>mores,</span> <span class='ocrx_word' id='word_1_5' title='bbox 749 583 784 645; x_wconf 92' lang='lat' dir='ltr'>in</span> <span class='ocrx_word' id='word_1_6' title='bbox 796 582 930 647; x_wconf 77' lang='lat' dir='ltr'>invisum</span> <span class='ocrx_word' id='word_1_7' title='bbox 944 584 1107 652; x_wconf 90' lang='lat' dir='ltr'>hominem</span> <span class='ocrx_word' id='word_1_8' title='bbox 1123 590 1253 679; x_wconf 79' lang='lat' dir='ltr'>aliquod</span> 
     </span>
     <span class='ocr_line' id='line_1_3' title="bbox 284 690 1250 791; baseline -0.004 -33"><span class='ocrx_word' id='word_1_9' title='bbox 284 691 537 758; x_wconf 78' lang='lat' dir='ltr'><strong>contumeliosius</strong></span> <span class='ocrx_word' id='word_1_10' title='bbox 559 690 679 756; x_wconf 85' lang='lat' dir='ltr'>dictum</span> <span class='ocrx_word' id='word_1_11' title='bbox 700 692 787 759; x_wconf 91' lang='lat' dir='ltr'>iecit.</span> <span class='ocrx_word' id='word_1_12' title='bbox 836 693 1077 784; x_wconf 76' lang='lat' dir='ltr'><strong>Aristophanes,</strong></span> <span class='ocrx_word' id='word_1_13' title='bbox 1102 698 1156 791; x_wconf 88' lang='lat' dir='ltr'>qui</span> <span class='ocrx_word' id='word_1_14' title='bbox 1176 704 1250 768; x_wconf 87' lang='lat' dir='ltr'>reli.</span> 
     </span>
     <span class='ocr_line' id='line_1_4' title="bbox 284 801 1248 895; baseline 0.009 -26"><span class='ocrx_word' id='word_1_15' title='bbox 284 825 362 892; x_wconf 90' lang='lat' dir='ltr'>quos</span> <span class='ocrx_word' id='word_1_16' title='bbox 389 825 498 868; x_wconf 89' lang='lat' dir='ltr'>omnes</span> <span class='ocrx_word' id='word_1_17' title='bbox 531 801 664 867; x_wconf 88' lang='lat' dir='ltr'>mirifice</span> <span class='ocrx_word' id='word_1_18' title='bbox 693 803 879 891; x_wconf 83' lang='lat' dir='ltr'>spernebat,</span> <span class='ocrx_word' id='word_1_19' title='bbox 909 807 1053 894; x_wconf 83' lang='lat' dir='ltr'><strong>reposuit</strong></span> <span class='ocrx_word' id='word_1_20' title='bbox 1084 812 1248 895; x_wconf 88' lang='lat' dir='ltr'>nonnihil,</span> 
     </span>
     <span class='ocr_line' id='line_1_5' title="bbox 283 911 1251 1002; baseline 0.007 -23"><span class='ocrx_word' id='word_1_21' title='bbox 283 912 370 1002; x_wconf 85' lang='lat' dir='ltr'>quod</span> <span class='ocrx_word' id='word_1_22' title='bbox 391 911 532 978; x_wconf 86' lang='lat' dir='ltr'>invidum</span> <span class='ocrx_word' id='word_1_23' title='bbox 552 912 635 977; x_wconf 82' lang='lat' dir='ltr'>male</span> <span class='ocrx_word' id='word_1_24' title='bbox 654 927 786 977; x_wconf 74' lang='lat' dir='ltr'>urerett-</span> <span class='ocrx_word' id='word_1_25' title='bbox 800 935 861 1001; x_wconf 88' lang='lat' dir='ltr'>qua</span> <span class='ocrx_word' id='word_1_26' title='bbox 876 936 959 981; x_wconf 83' lang='lat' dir='ltr'>nova</span> <span class='ocrx_word' id='word_1_27' title='bbox 972 919 1166 985; x_wconf 88' lang='lat' dir='ltr'>contumelia</span> <span class='ocrx_word' id='word_1_28' title='bbox 1178 920 1251 987; x_wconf 85' lang='lat' dir='ltr'>irri-</span> 
     </span>
     <span class='ocr_line' id='line_1_6' title="bbox 281 1022 1252 1121; baseline 0.005 -29"><span class='ocrx_word' id='word_1_29' title='bbox 281 1039 363 1092; x_wconf 83' lang='lat' dir='ltr'>tetus</span> <span class='ocrx_word' id='word_1_30' title='bbox 389 1025 424 1088; x_wconf 93' lang='lat' dir='ltr'>in</span> <span class='ocrx_word' id='word_1_31' title='bbox 451 1022 558 1089; x_wconf 80' lang='lat' dir='ltr'>fabule</span> <span class='ocrx_word' id='word_1_32' title='bbox 579 1024 713 1107; x_wconf 77' lang='grc' dir='ltr'><strong><em>Νίκαις,</em></strong></span> <span class='ocrx_word' id='word_1_33' title='bbox 741 1045 834 1109; x_wconf 90' lang='lat' dir='ltr'>quem</span> <span class='ocrx_word' id='word_1_34' title='bbox 855 1024 914 1089; x_wconf 92' lang='lat' dir='ltr'>sihi</span> <span class='ocrx_word' id='word_1_35' title='bbox 936 1043 1095 1115; x_wconf 83' lang='lat' dir='ltr'>praestare</span> <span class='ocrx_word' id='word_1_36' title='bbox 1120 1031 1252 1121; x_wconf 86' lang='lat' dir='ltr'>ingenio</span> 
     </span>
     <span class='ocr_line' id='line_1_7' title="bbox 282 1126 1302 1233; baseline 0.009 -34"><span class='ocrx_word' id='word_1_37' title='bbox 282 1135 405 1225; x_wconf 76' lang='lat' dir='ltr'>egregie</span> <span class='ocrx_word' id='word_1_38' title='bbox 420 1147 566 1215; x_wconf 84' lang='lat' dir='ltr'>noverat,</span> <span class='ocrx_word' id='word_1_39' title='bbox 588 1155 678 1216; x_wconf 90' lang='lat' dir='ltr'>eum,</span> <span class='ocrx_word' id='word_1_40' title='bbox 702 1133 747 1198; x_wconf 90' lang='lat' dir='ltr'>uti</span> <span class='ocrx_word' id='word_1_41' title='bbox 763 1132 817 1217; x_wconf 88' lang='lat' dir='ltr'>fit,</span> <span class='ocrx_word' id='word_1_42' title='bbox 838 1133 921 1200; x_wconf 85' lang='lat' dir='ltr'>futili</span> <span class='ocrx_word' id='word_1_43' title='bbox 935 1138 1182 1226; x_wconf 85' lang='lat' dir='ltr'>reprehensione</span> <span class='ocrx_word' id='word_1_44' title='bbox 1200 1126 1254 1207; x_wconf 88' lang='lat' dir='ltr'>ro·</span> <span class='ocrx_word' id='word_1_45' title='bbox 1299 1218 1302 1233; x_wconf 44' lang='grc' dir='ltr'>Ι</span> 
     </span>
     <span class='ocr_line' id='line_1_8' title="bbox 283 1243 644 1333; baseline -0.006 -24"><span class='ocrx_word' id='word_1_46' title='bbox 283 1243 359 1311; x_wconf 88' lang='lat' dir='ltr'>dere</span> <span class='ocrx_word' id='word_1_47' title='bbox 381 1244 497 1333; x_wconf 88' lang='lat' dir='ltr'>coepit.</span> <span class='ocrx_word' id='word_1_48' title='bbox 641 1315 644 1325; x_wconf 31' lang='lat'><strong>¹</strong></span> 
     </span>
     <span class='ocr_line' id='line_1_9' title="bbox 325 1353 1253 1442; baseline 0.01 -24"><span class='ocrx_word' id='word_1_49' title='bbox 325 1355 414 1419; x_wconf 86' lang='lat' dir='ltr'>Haec</span> <span class='ocrx_word' id='word_1_50' title='bbox 428 1354 455 1418; x_wconf 93' lang='lat' dir='ltr'>si</span> <span class='ocrx_word' id='word_1_51' title='bbox 470 1353 538 1441; x_wconf 81' lang='lat' dir='ltr'>quis</span> <span class='ocrx_word' id='word_1_52' title='bbox 551 1353 619 1419; x_wconf 74' lang='lat' dir='ltr'>ueri</span> <span class='ocrx_word' id='word_1_53' title='bbox 629 1353 770 1442; x_wconf 78' lang='lat' dir='ltr'>speciem</span> <span class='ocrx_word' id='word_1_54' title='bbox 785 1353 902 1420; x_wconf 85' lang='lat' dir='ltr'>habere</span> <span class='ocrx_word' id='word_1_55' title='bbox 917 1355 1089 1442; x_wconf 86' lang='lat' dir='ltr'>concedet,</span> <span class='ocrx_word' id='word_1_56' title='bbox 1113 1360 1253 1427; x_wconf 91' lang='lat' dir='ltr'>circum·</span> 
     </span>
     <span class='ocr_line' id='line_1_10' title="bbox 280 1463 1251 1558; baseline 0.006 -27"><span class='ocrx_word' id='word_1_57' title='bbox 280 1463 474 1558; x_wconf 85' lang='lat' dir='ltr'>spiciendum</span> <span class='ocrx_word' id='word_1_58' title='bbox 502 1479 571 1547; x_wconf 89' lang='lat' dir='ltr'>est,</span> <span class='ocrx_word' id='word_1_59' title='bbox 597 1463 712 1552; x_wconf 83' lang='lat' dir='ltr'>ecquid</span> <span class='ocrx_word' id='word_1_60' title='bbox 738 1465 773 1529; x_wconf 92' lang='lat' dir='ltr'>in</span> <span class='ocrx_word' id='word_1_61' title='bbox 797 1465 1037 1555; x_wconf 87' lang='lat' dir='ltr'>Aristophaueis</span> <span class='ocrx_word' id='word_1_62' title='bbox 1063 1470 1251 1538; x_wconf 79' lang='lat' dir='ltr'>Comoediis</span> 
     </span>
     <span class='ocr_line' id='line_1_11' title="bbox 279 1573 1253 1667; baseline 0.008 -27"><span class='ocrx_word' id='word_1_63' title='bbox 279 1577 376 1641; x_wconf 85' lang='lat' dir='ltr'>lateat</span> <span class='ocrx_word' id='word_1_64' title='bbox 397 1576 560 1665; x_wconf 76' lang='lat' dir='ltr'>obscurius</span> <span class='ocrx_word' id='word_1_65' title='bbox 583 1573 720 1659; x_wconf 86' lang='lat' dir='ltr'>dictum,</span> <span class='ocrx_word' id='word_1_66' title='bbox 742 1574 831 1664; x_wconf 91' lang='lat' dir='ltr'>quod</span> <span class='ocrx_word' id='word_1_67' title='bbox 845 1574 887 1641; x_wconf 89' lang='lat' dir='ltr'>ad</span> <span class='ocrx_word' id='word_1_68' title='bbox 899 1577 981 1641; x_wconf 90' lang='lat' dir='ltr'>hanc</span> <span class='ocrx_word' id='word_1_69' title='bbox 997 1579 1253 1667; x_wconf 82' lang='lat' dir='ltr'>explorationem</span> 
     </span>
     <span class='ocr_line' id='line_1_12' title="bbox 280 1684 1252 1777; baseline 0.006 -24"><span class='ocrx_word' id='word_1_70' title='bbox 280 1686 455 1753; x_wconf 86' lang='lat' dir='ltr'>adhibitum</span> <span class='ocrx_word' id='word_1_71' title='bbox 478 1685 572 1752; x_wconf 86' lang='lat' dir='ltr'>simul</span> <span class='ocrx_word' id='word_1_72' title='bbox 594 1684 742 1751; x_wconf 85' lang='lat' dir='ltr'>illustrari</span> <span class='ocrx_word' id='word_1_73' title='bbox 756 1687 855 1776; x_wconf 80' lang='lat' dir='ltr'>possit</span> <span class='ocrx_word' id='word_1_74' title='bbox 869 1703 902 1752; x_wconf 89' lang='lat' dir='ltr'>et</span> <span class='ocrx_word' id='word_1_75' title='bbox 915 1688 1252 1777; x_wconf 75' lang='lat' dir='ltr'>suspicionemincer·</span> 
     </span>
     <span class='ocr_line' id='line_1_13' title="bbox 280 1796 1280 1890; baseline 0.005 -26"><span class='ocrx_word' id='word_1_76' title='bbox 280 1815 347 1866; x_wconf 88' lang='lat' dir='ltr'>tam</span> <span class='ocrx_word' id='word_1_77' title='bbox 373 1797 448 1865; x_wconf 88' lang='lat' dir='ltr'>dare</span> <span class='ocrx_word' id='word_1_78' title='bbox 474 1796 598 1888; x_wconf 84' lang='lat' dir='ltr'>egregie</span> <span class='ocrx_word' id='word_1_79' title='bbox 622 1796 853 1863; x_wconf 86' lang='lat' dir='ltr'>confirmatam.</span> <span class='ocrx_word' id='word_1_80' title='bbox 910 1797 1003 1862; x_wconf 84' lang='lat' dir='ltr'>Prius</span> <span class='ocrx_word' id='word_1_81' title='bbox 1027 1816 1155 1884; x_wconf 92' lang='lat' dir='ltr'>autem,</span> <span class='ocrx_word' id='word_1_82' title='bbox 1184 1825 1252 1890; x_wconf 86' lang='lat' dir='ltr'>quo</span> <span class='ocrx_word' id='word_1_83' title='bbox 1278 1822 1280 1827; x_wconf 90' lang='grc'><strong><em>·</em></strong></span> 
     </span>
     <span class='ocr_line' id='line_1_14' title="bbox 279 1901 1251 1995; baseline 0.005 -22"><span class='ocrx_word' id='word_1_84' title='bbox 279 1910 397 1973; x_wconf 87' lang='lat' dir='ltr'>certior</span> <span class='ocrx_word' id='word_1_85' title='bbox 411 1905 640 1994; x_wconf 80' lang='lat' dir='ltr'>argumentatio</span> <span class='ocrx_word' id='word_1_86' title='bbox 656 1903 730 1984; x_wconf 88' lang='lat' dir='ltr'>fiat,</span> <span class='ocrx_word' id='word_1_87' title='bbox 754 1901 983 1968; x_wconf 90' lang='lat' dir='ltr'>ostendendum</span> <span class='ocrx_word' id='word_1_88' title='bbox 999 1924 1064 1988; x_wconf 89' lang='lat' dir='ltr'>est,</span> <span class='ocrx_word' id='word_1_89' title='bbox 1081 1933 1145 1995; x_wconf 88' lang='lat' dir='ltr'>quo</span> <span class='ocrx_word' id='word_1_90' title='bbox 1162 1935 1251 1979; x_wconf 86' lang='lat' dir='ltr'>anno</span> 
     </span>
     <span class='ocr_line' id='line_1_15' title="bbox 255 2009 1253 2097; baseline 0.006 -16"><span class='ocrx_word' id='word_1_91' title='bbox 255 2080 259 2095; x_wconf 81' lang='grc'>,</span> <span class='ocrx_word' id='word_1_92' title='bbox 279 2015 371 2081; x_wconf 89' lang='lat' dir='ltr'>Plato</span> <span class='ocrx_word' id='word_1_93' title='bbox 393 2017 497 2088; x_wconf 73' lang='grc' dir='ltr'><strong><em>Νίκας</em></strong></span> <span class='ocrx_word' id='word_1_94' title='bbox 521 2011 684 2092; x_wconf 88' lang='lat' dir='ltr'>docuerit,</span> <span class='ocrx_word' id='word_1_95' title='bbox 708 2009 795 2097; x_wconf 82' lang='lat' dir='ltr'>quod</span> <span class='ocrx_word' id='word_1_96' title='bbox 816 2033 900 2075; x_wconf 92' lang='lat' dir='ltr'>nunc</span> <span class='ocrx_word' id='word_1_97' title='bbox 915 2026 1005 2076; x_wconf 87' lang='lat' dir='ltr'>certo</span> <span class='ocrx_word' id='word_1_98' title='bbox 1021 2014 1142 2081; x_wconf 87' lang='lat' dir='ltr'>indicio</span> <span class='ocrx_word' id='word_1_99' title='bbox 1157 2043 1253 2088; x_wconf 88' lang='lat' dir='ltr'>com·</span> 
     </span>
     <span class='ocr_line' id='line_1_16' title="bbox 279 2118 1254 2216; baseline 0.008 -31"><span class='ocrx_word' id='word_1_100' title='bbox 279 2125 376 2216; x_wconf 80' lang='lat' dir='ltr'>periri</span> <span class='ocrx_word' id='word_1_101' title='bbox 400 2144 493 2212; x_wconf 89' lang='lat' dir='ltr'>posse</span> <span class='ocrx_word' id='word_1_102' title='bbox 517 2119 666 2184; x_wconf 85' lang='lat' dir='ltr'>arbitror.</span> <span class='ocrx_word' id='word_1_103' title='bbox 711 2118 835 2208; x_wconf 88' lang='lat' dir='ltr'>Nempe</span> <span class='ocrx_word' id='word_1_104' title='bbox 861 2140 988 2185; x_wconf 84' lang='lat' dir='ltr'>necesse</span> <span class='ocrx_word' id='word_1_105' title='bbox 1015 2139 1080 2206; x_wconf 82' lang='lat' dir='ltr'>est,</span> <span class='ocrx_word' id='word_1_106' title='bbox 1111 2149 1176 2190; x_wconf 89' lang='lat' dir='ltr'>non</span> <span class='ocrx_word' id='word_1_107' title='bbox 1203 2132 1254 2198; x_wconf 86' lang='lat' dir='ltr'>ita</span> 
     </span>
     <span class='ocr_line' id='line_1_17' title="bbox 281 2230 1254 2322; baseline 0.006 -23"><span class='ocrx_word' id='word_1_108' title='bbox 281 2234 477 2322; x_wconf 84' lang='lat' dir='ltr'>multopost</span> <span class='ocrx_word' id='word_1_109' title='bbox 502 2231 619 2295; x_wconf 85' lang='lat' dir='ltr'>Pacem</span> <span class='ocrx_word' id='word_1_110' title='bbox 646 2230 841 2316; x_wconf 79' lang='lat' dir='ltr'>Autolycum·</span> <span class='ocrx_word' id='word_1_111' title='bbox 859 2230 1022 2320; x_wconf 89' lang='lat' dir='ltr'>Eupolidis</span> <span class='ocrx_word' id='word_1_112' title='bbox 1048 2251 1079 2298; x_wconf 91' lang='lat' dir='ltr'>et</span> <span class='ocrx_word' id='word_1_113' title='bbox 1107 2235 1254 2307; x_wconf 84' lang='lat' dir='ltr'>Platonis</span> 
     </span>
     <span class='ocr_line' id='line_1_18' title="bbox 278 2342 1253 2433; baseline 0.008 -24"><span class='ocrx_word' id='word_1_114' title='bbox 278 2347 384 2421; x_wconf 78' lang='grc' dir='ltr'><strong><em>Νίκας</em></strong></span> <span class='ocrx_word' id='word_1_115' title='bbox 407 2343 442 2408; x_wconf 83' lang='grc' dir='ltr'>ἱιι</span> <span class='ocrx_word' id='word_1_116' title='bbox 467 2364 563 2407; x_wconf 89' lang='lat' dir='ltr'>scena</span> <span class='ocrx_word' id='word_1_117' title='bbox 587 2363 655 2407; x_wconf 91' lang='lat' dir='ltr'>esse</span> <span class='ocrx_word' id='word_1_118' title='bbox 679 2342 853 2426; x_wconf 86' lang='lat' dir='ltr'>exhibitas,</span> <span class='ocrx_word' id='word_1_119' title='bbox 880 2365 945 2430; x_wconf 89' lang='lat' dir='ltr'>quo</span> <span class='ocrx_word' id='word_1_120' title='bbox 973 2359 1117 2433; x_wconf 88' lang='lat' dir='ltr'>tempore</span> <span class='ocrx_word' id='word_1_121' title='bbox 1137 2371 1253 2418; x_wconf 89' lang='lat' dir='ltr'>recens</span> 
     </span>
     <span class='ocr_line' id='line_1_19' title="bbox 277 2454 1248 2551; baseline 0.004 -29"><span class='ocrx_word' id='word_1_122' title='bbox 277 2474 349 2523; x_wconf 87' lang='lat' dir='ltr'>acta</span> <span class='ocrx_word' id='word_1_123' title='bbox 362 2455 469 2521; x_wconf 84' lang='lat' dir='ltr'>fabula</span> <span class='ocrx_word' id='word_1_124' title='bbox 483 2468 697 2543; x_wconf 86' lang='lat' dir='ltr'>spectatorum</span> <span class='ocrx_word' id='word_1_125' title='bbox 704 2454 824 2551; x_wconf 35' lang='lat' dir='ltr'>‘animis</span> <span class='ocrx_word' id='word_1_126' title='bbox 839 2455 1075 2522; x_wconf 84' lang='lat' dir='ltr'>obversaretur:</span> <span class='ocrx_word' id='word_1_127' title='bbox 1099 2480 1173 2523; x_wconf 87' lang='lat' dir='ltr'>nam</span> <span class='ocrx_word' id='word_1_128' title='bbox 1188 2461 1248 2526; x_wconf 87' lang='lat' dir='ltr'>ab·</span> 
     </span>
     <span class='ocr_line' id='line_1_20' title="bbox 278 2562 1248 2655; baseline 0.003 -21"><span class='ocrx_word' id='word_1_129' title='bbox 278 2567 406 2634; x_wconf 88' lang='lat' dir='ltr'>surdum</span> <span class='ocrx_word' id='word_1_130' title='bbox 415 2579 462 2630; x_wconf 89' lang='lat' dir='ltr'>est</span> <span class='ocrx_word' id='word_1_131' title='bbox 470 2565 620 2655; x_wconf 83' lang='lat' dir='ltr'>suspicari</span> <span class='ocrx_word' id='word_1_132' title='bbox 632 2562 818 2631; x_wconf 88' lang='lat' dir='ltr'>comoediae</span> <span class='ocrx_word' id='word_1_133' title='bbox 828 2565 988 2653; x_wconf 88' lang='lat' dir='ltr'>aliquanto</span> <span class='ocrx_word' id='word_1_134' title='bbox 997 2582 1070 2631; x_wconf 83' lang='lat' dir='ltr'>ante</span> <span class='ocrx_word' id='word_1_135' title='bbox 1080 2584 1168 2633; x_wconf 88' lang='lat' dir='ltr'>actae</span> <span class='ocrx_word' id='word_1_136' title='bbox 1178 2593 1248 2637; x_wconf 91' lang='lat' dir='ltr'>me·</span> 
     </span>
     <span class='ocr_line' id='line_1_21' title="bbox 278 2674 1247 2763; baseline 0.003 -19"><span class='ocrx_word' id='word_1_137' title='bbox 278 2678 429 2758; x_wconf 91' lang='lat' dir='ltr'>moriam,</span> <span class='ocrx_word' id='word_1_138' title='bbox 444 2698 526 2763; x_wconf 87' lang='lat' dir='ltr'>quae</span> <span class='ocrx_word' id='word_1_139' title='bbox 537 2674 656 2740; x_wconf 89' lang='lat' dir='ltr'>dudum</span> <span class='ocrx_word' id='word_1_140' title='bbox 670 2676 738 2740; x_wconf 87' lang='lat' dir='ltr'>aliis</span> <span class='ocrx_word' id='word_1_141' title='bbox 750 2674 863 2739; x_wconf 84' lang='lat' dir='ltr'>fabulis</span> <span class='ocrx_word' id='word_1_142' title='bbox 878 2675 1052 2759; x_wconf 80' lang='lat' dir='ltr'>refrixerat,</span> <span class='ocrx_word' id='word_1_143' title='bbox 1065 2678 1247 2746; x_wconf 91' lang='lat' dir='ltr'>huiusmodi</span> 
     </span>
     <span class='ocr_line' id='line_1_22' title="bbox 278 2783 1248 2878; baseline 0.005 -26"><span class='ocrx_word' id='word_1_144' title='bbox 278 2787 423 2852; x_wconf 88' lang='lat' dir='ltr'>irrisione</span> <span class='ocrx_word' id='word_1_145' title='bbox 436 2783 577 2851; x_wconf 78' lang='lat' dir='ltr'>refricari</span> <span class='ocrx_word' id='word_1_146' title='bbox 589 2783 738 2871; x_wconf 86' lang='lat' dir='ltr'>potuisse,</span> <span class='ocrx_word' id='word_1_147' title='bbox 751 2785 906 2873; x_wconf 86' lang='lat' dir='ltr'>imprimis</span> <span class='ocrx_word' id='word_1_148' title='bbox 917 2786 999 2875; x_wconf 86' lang='lat' dir='ltr'>apud</span> <span class='ocrx_word' id='word_1_149' title='bbox 1014 2789 1154 2872; x_wconf 87' lang='lat' dir='ltr'>Atticos,</span> <span class='ocrx_word' id='word_1_150' title='bbox 1166 2813 1248 2878; x_wconf 87' lang='lat' dir='ltr'>quos</span> 
     </span>
     <span class='ocr_line' id='line_1_23' title="bbox 277 2890 1293 3029; baseline 0.002 -66"><span class='ocrx_word' id='word_1_151' title='bbox 277 2899 360 2963; x_wconf 89' lang='lat' dir='ltr'>hene</span> <span class='ocrx_word' id='word_1_152' title='bbox 373 2896 434 2960; x_wconf 89' lang='lat' dir='ltr'>sihi</span> <span class='ocrx_word' id='word_1_153' title='bbox 449 2910 543 2961; x_wconf 82' lang='lat' dir='ltr'>notos</span> <span class='ocrx_word' id='word_1_154' title='bbox 558 2890 710 2957; x_wconf 88' lang='lat' dir='ltr'>admonet</span> <span class='ocrx_word' id='word_1_155' title='bbox 720 2893 946 2984; x_wconf 83' lang='lat' dir='ltr'>Aristophanes</span> <span class='ocrx_word' id='word_1_156' title='bbox 956 2898 1081 2964; x_wconf 83' lang='lat' dir='ltr'>Eccles.</span> <span class='ocrx_word' id='word_1_157' title='bbox 1094 2901 1188 2969; x_wconf 87' lang='lat'>1161.</span> <span class='ocrx_word' id='word_1_158' title='bbox 1197 2925 1247 2992; x_wconf 83' lang='lat' dir='ltr'>sq.</span> <span class='ocrx_word' id='word_1_159' title='bbox 1259 2954 1293 3029; x_wconf 51' lang='grc' dir='ltr'>,ὃ</span> 
     </span>
    </p>
   </div>
   <div class='ocr_carea' id='block_1_3' title="bbox 369 3023 1193 3183">
    <p class='ocr_par' dir='ltr' id='par_1_3' title="bbox 369 3023 1193 3183">
     <span class='ocr_line' id='line_1_24' title="bbox 370 3023 1193 3101; baseline 0.013 -27"><span class='ocrx_word' id='word_1_160' title='bbox 370 3027 419 3095; x_wconf 76' lang='grc' dir='ltr'>Μὴ</span> <span class='ocrx_word' id='word_1_161' title='bbox 435 3056 471 3070; x_wconf 89' lang='grc'>-</span> <span class='ocrx_word' id='word_1_162' title='bbox 485 3030 549 3082; x_wconf 68' lang='grc' dir='ltr'>ταῖς</span> <span class='ocrx_word' id='word_1_163' title='bbox 565 3029 663 3083; x_wconf 60' lang='lat' dir='ltr'>ecastr</span> <span class='ocrx_word' id='word_1_164' title='bbox 679 3023 803 3097; x_wconf 75' lang='grc' dir='ltr'><strong><em>ἑταίραις</em></strong></span> <span class='ocrx_word' id='word_1_165' title='bbox 819 3027 869 3078; x_wconf 70' lang='grc' dir='ltr'>τὸν</span> <span class='ocrx_word' id='word_1_166' title='bbox 885 3027 987 3097; x_wconf 74' lang='grc' dir='ltr'><strong><em>τρίπον</em></strong></span> <span class='ocrx_word' id='word_1_167' title='bbox 1003 3033 1193 3101; x_wconf 70' lang='grc' dir='ltr'>προσεικέναι,</span> 
     </span>
     <span class='ocr_line' id='line_1_25' title="bbox 369 3115 1067 3183; baseline 0.006 -15"><span class='ocrx_word' id='word_1_168' title='bbox 369 3115 414 3170; x_wconf 78' lang='grc' dir='ltr'>Αἵ</span> <span class='ocrx_word' id='word_1_169' title='bbox 426 3117 508 3183; x_wconf 69' lang='grc' dir='ltr'><strong><em>μόνον</em></strong></span> <span class='ocrx_word' id='word_1_170' title='bbox 524 3117 632 3183; x_wconf 63' lang='grc' dir='ltr'>μνήμην</span> <span class='ocrx_word' id='word_1_171' title='bbox 648 3115 742 3183; x_wconf 77' lang='grc' dir='ltr'><strong><em>ἔχουσι</em></strong></span> <span class='ocrx_word' id='word_1_172' title='bbox 757 3117 813 3170; x_wconf 66' lang='lat' dir='ltr'>eris</span> <span class='ocrx_word' id='word_1_173' title='bbox 831 3117 997 3173; x_wconf 66' lang='grc' dir='ltr'><strong><em>τελευταίαν</em></strong></span> <span class='ocrx_word' id='word_1_174' title='bbox 1013 3122 1067 3180; x_wconf 72' lang='grc' dir='ltr'>ἀεί.</span> 
     </span>
    </p>
   </div>
   <div class='ocr_carea' id='block_1_4' title="bbox 278 3227 1248 4097">
    <p class='ocr_par' dir='ltr' id='par_1_4' title="bbox 278 3227 1248 4097">
     <span class='ocr_line' id='line_1_26' title="bbox 323 3227 1248 3328; baseline 0.01 -32"><span class='ocrx_word' id='word_1_175' title='bbox 323 3231 387 3296; x_wconf 90' lang='lat' dir='ltr'>Per</span> <span class='ocrx_word' id='word_1_176' title='bbox 408 3251 443 3293; x_wconf 90' lang='lat' dir='ltr'>se</span> <span class='ocrx_word' id='word_1_177' title='bbox 469 3227 543 3292; x_wconf 90' lang='lat' dir='ltr'>satis</span> <span class='ocrx_word' id='word_1_178' title='bbox 559 3243 679 3292; x_wconf 90' lang='lat' dir='ltr'>certum</span> <span class='ocrx_word' id='word_1_179' title='bbox 700 3245 917 3319; x_wconf 87' lang='lat' dir='ltr'>argumentum</span> <span class='ocrx_word' id='word_1_180' title='bbox 938 3229 1099 3298; x_wconf 89' lang='lat' dir='ltr'>luculento</span> <span class='ocrx_word' id='word_1_181' title='bbox 1120 3236 1248 3328; x_wconf 90' lang='lat' dir='ltr'>insuper</span> 
     </span>
     <span class='ocr_line' id='line_1_27' title="bbox 281 3338 1246 3432; baseline 0.008 -26"><span class='ocrx_word' id='word_1_182' title='bbox 281 3343 472 3409; x_wconf 86' lang='lat' dir='ltr'>documento</span> <span class='ocrx_word' id='word_1_183' title='bbox 496 3338 741 3409; x_wconf 86' lang='lat' dir='ltr'>corroboratur:</span> <span class='ocrx_word' id='word_1_184' title='bbox 764 3363 839 3405; x_wconf 86' lang='lat' dir='ltr'>nem</span> <span class='ocrx_word' id='word_1_185' title='bbox 860 3340 946 3405; x_wconf 88' lang='lat' dir='ltr'>felici</span> <span class='ocrx_word' id='word_1_186' title='bbox 962 3364 1036 3407; x_wconf 83' lang='lat' dir='ltr'>casu</span> <span class='ocrx_word' id='word_1_187' title='bbox 1051 3345 1186 3432; x_wconf 88' lang='lat' dir='ltr'>accidit,</span> <span class='ocrx_word' id='word_1_188' title='bbox 1211 3367 1246 3414; x_wconf 87' lang='lat' dir='ltr'>ut</span> 
     </span>
     <span class='ocr_line' id='line_1_28' title="bbox 280 3447 1245 3548; baseline 0.006 -28"><span class='ocrx_word' id='word_1_189' title='bbox 280 3451 479 3520; x_wconf 83' lang='lat' dir='ltr'>eveteribus</span> <span class='ocrx_word' id='word_1_190' title='bbox 505 3447 690 3513; x_wconf 89' lang='lat' dir='ltr'>Didascaliis</span> <span class='ocrx_word' id='word_1_191' title='bbox 718 3465 840 3514; x_wconf 89' lang='lat' dir='ltr'>constet</span> <span class='ocrx_word' id='word_1_192' title='bbox 867 3473 986 3535; x_wconf 88' lang='lat' dir='ltr'>annus,</span> <span class='ocrx_word' id='word_1_193' title='bbox 1021 3477 1084 3542; x_wconf 90' lang='lat' dir='ltr'>quo</span> <span class='ocrx_word' id='word_1_194' title='bbox 1115 3458 1245 3548; x_wconf 87' lang='lat' dir='ltr'>Eupolis</span> 
     </span>
     <span class='ocr_line' id='line_1_29' title="bbox 279 3559 1247 3654; baseline 0.01 -26"><span class='ocrx_word' id='word_1_195' title='bbox 279 3588 366 3628; x_wconf 84' lang='lat' dir='ltr'>suam</span> <span class='ocrx_word' id='word_1_196' title='bbox 380 3561 567 3648; x_wconf 83' lang='lat' dir='ltr'>Autolycum</span> <span class='ocrx_word' id='word_1_197' title='bbox 581 3559 731 3627; x_wconf 87' lang='lat' dir='ltr'>exhihuit.</span> <span class='ocrx_word' id='word_1_198' title='bbox 764 3561 881 3629; x_wconf 85' lang='lat' dir='ltr'>Athen.</span> <span class='ocrx_word' id='word_1_199' title='bbox 898 3561 940 3630; x_wconf 84' lang='lat' dir='ltr'>V.</span> <span class='ocrx_word' id='word_1_200' title='bbox 957 3586 1030 3654; x_wconf 85' lang='lat' dir='ltr'>pag.</span> <span class='ocrx_word' id='word_1_201' title='bbox 1047 3567 1123 3634; x_wconf 83' lang='lat'>216.</span> <span class='ocrx_word' id='word_1_202' title='bbox 1140 3568 1183 3635; x_wconf 87' lang='lat' dir='ltr'>D.</span> <span class='ocrx_word' id='word_1_203' title='bbox 1200 3574 1247 3648; x_wconf 80' lang='grc' dir='ltr'>ἕςι</span> 
     </span>
     <span class='ocr_line' id='line_1_30' title="bbox 280 3664 1244 3762; baseline 0.005 -22"><span class='ocrx_word' id='word_1_204' title='bbox 280 3675 309 3740; x_wconf 81' lang='grc' dir='ltr'>δ’</span> <span class='ocrx_word' id='word_1_205' title='bbox 322 3664 407 3748; x_wconf 76' lang='grc' dir='ltr'><strong><em>οὗτος</em></strong></span> <span class='ocrx_word' id='word_1_206' title='bbox 427 3677 445 3738; x_wconf 85' lang='lat' dir='ltr'>d</span> <span class='ocrx_word' id='word_1_207' title='bbox 467 3676 584 3759; x_wconf 80' lang='grc' dir='ltr'><strong><em>καιρός,</em></strong></span> <span class='ocrx_word' id='word_1_208' title='bbox 602 3672 677 3738; x_wconf 77' lang='grc' dir='ltr'>καθ’</span> <span class='ocrx_word' id='word_1_209' title='bbox 689 3674 727 3740; x_wconf 78' lang='grc' dir='ltr'>ὃν</span> <span class='ocrx_word' id='word_1_210' title='bbox 747 3670 891 3758; x_wconf 64' lang='lat' dir='ltr'>’spelm</span> <span class='ocrx_word' id='word_1_211' title='bbox 909 3681 1010 3762; x_wconf 78' lang='grc' dir='ltr'><strong><em>ἄρχων</em></strong></span> <span class='ocrx_word' id='word_1_212' title='bbox 1027 3674 1077 3760; x_wconf 79' lang='grc' dir='ltr'>ἦα,</span> <span class='ocrx_word' id='word_1_213' title='bbox 1102 3684 1153 3746; x_wconf 76' lang='grc' dir='ltr'>ἐπί</span> <span class='ocrx_word' id='word_1_214' title='bbox 1175 3691 1244 3751; x_wconf 77' lang='grc' dir='ltr'>πηί-</span> 
     </span>
     <span class='ocr_line' id='line_1_31' title="bbox 278 3783 1244 3877; baseline 0.011 -27"><span class='ocrx_word' id='word_1_215' title='bbox 278 3810 334 3850; x_wconf 81' lang='grc' dir='ltr'>του</span> <span class='ocrx_word' id='word_1_216' title='bbox 352 3818 393 3837; x_wconf 88' lang='lat'>-·</span> <span class='ocrx_word' id='word_1_217' title='bbox 409 3784 544 3858; x_wconf 81' lang='grc' dir='ltr'><strong><em>Εὔπολις</em></strong></span> <span class='ocrx_word' id='word_1_218' title='bbox 563 3787 618 3850; x_wconf 74' lang='grc' dir='ltr'>τὸν</span> <span class='ocrx_word' id='word_1_219' title='bbox 638 3783 821 3851; x_wconf 77' lang='grc' dir='ltr'><strong><em>Αὐτόλυκον</em></strong></span> <span class='ocrx_word' id='word_1_220' title='bbox 840 3785 964 3864; x_wconf 76' lang='grc' dir='ltr'><strong><em>διδάξας</em></strong></span> <span class='ocrx_word' id='word_1_221' title='bbox 983 3829 1022 3841; x_wconf 93' lang='lat'><em>-</em></span> <span class='ocrx_word' id='word_1_222' title='bbox 1036 3789 1171 3875; x_wconf 79' lang='grc' dir='ltr'>χλευάζει</span> <span class='ocrx_word' id='word_1_223' title='bbox 1184 3798 1244 3877; x_wconf 72' lang='grc' dir='ltr'>τὴν</span> 
     </span>
     <span class='ocr_line' id='line_1_32' title="bbox 281 3892 1244 3986; baseline 0.005 -22"><span class='ocrx_word' id='word_1_224' title='bbox 281 3897 371 3980; x_wconf 70' lang='grc' dir='ltr'><strong><em>νίκην</em></strong></span> <span class='ocrx_word' id='word_1_225' title='bbox 394 3902 447 3960; x_wconf 79' lang='grc' dir='ltr'>τοῦ</span> <span class='ocrx_word' id='word_1_226' title='bbox 468 3892 659 3962; x_wconf 67' lang='grc' dir='ltr'><strong><em>Αὐτολύκου.</em></strong></span> <span class='ocrx_word' id='word_1_227' title='bbox 682 3894 704 3961; x_wconf 90' lang='lat' dir='ltr'>i.</span> <span class='ocrx_word' id='word_1_228' title='bbox 722 3919 752 3960; x_wconf 92' lang='lat' dir='ltr'>e.</span> <span class='ocrx_word' id='word_1_229' title='bbox 774 3894 903 3986; x_wconf 82' lang='lat' dir='ltr'>Olymp.</span> <span class='ocrx_word' id='word_1_230' title='bbox 920 3898 1093 3966; x_wconf 86' lang='lat' dir='ltr'>LXXXIX.</span> <span class='ocrx_word' id='word_1_231' title='bbox 1113 3906 1244 3983; x_wconf 60' lang='lat' dir='ltr'>Amano</span> 
     </span>
     <span class='ocr_line' id='line_1_33' title="bbox 281 4003 1246 4097; baseline 0.011 -27"><span class='ocrx_word' id='word_1_232' title='bbox 281 4019 355 4095; x_wconf 89' lang='lat' dir='ltr'>post</span> <span class='ocrx_word' id='word_1_233' title='bbox 374 4003 545 4087; x_wconf 86' lang='lat' dir='ltr'>Alcaeum,</span> <span class='ocrx_word' id='word_1_234' title='bbox 568 4024 632 4090; x_wconf 86' lang='lat' dir='ltr'>quo</span> <span class='ocrx_word' id='word_1_235' title='bbox 655 4005 807 4072; x_wconf 82' lang='lat' dir='ltr'>archonte</span> <span class='ocrx_word' id='word_1_236' title='bbox 830 4006 1053 4097; x_wconf 84' lang='lat' dir='ltr'>Aristophanes</span> <span class='ocrx_word' id='word_1_237' title='bbox 1073 4013 1190 4080; x_wconf 80' lang='lat' dir='ltr'>Pacem</span> <span class='ocrx_word' id='word_1_238' title='bbox 1212 4016 1246 4081; x_wconf 91' lang='lat' dir='ltr'>in</span> 
     </span>
    </p>
   </div>
   <div class='ocr_carea' id='block_1_5' title="bbox 0 0 1314 4934">
    <p class='ocr_par' dir='ltr' id='par_1_5' title="bbox 0 0 1314 4934">
     <span class='ocr_line' id='line_1_34' title="bbox 0 0 1314 4934; baseline 0 3"><span class='ocrx_word' id='word_1_239' title='bbox 0 0 1314 4934; x_wconf 95' lang='lat' dir='ltr'> </span> 
     </span>
    </p>
   </div>
  </div>
 </body>
</html>
