<?xml version="1.0" encoding="UTF-8"?>
<!DOCTYPE html PUBLIC "-//W3C//DTD XHTML 1.0 Transitional//EN"
    "http://www.w3.org/TR/xhtml1/DTD/xhtml1-transitional.dtd">
<html xmlns="http://www.w3.org/1999/xhtml" xml:lang="en" lang="en">
 <head>
  <title>
</title>
<meta http-equiv="Content-Type" content="text/html;charset=utf-8" />
  <meta name='ocr-system' content='tesseract 3.04.00' />
  <meta name='ocr-capabilities' content='ocr_page ocr_carea ocr_par ocr_line ocrx_word'/>
</head>
<body>
  <div class='ocr_page' id='page_1' title='image "./observationescr01cobegoog/observationescr01cobegoog_0079.png"; bbox 0 0 2618 4934; ppageno 0'>
   <div class='ocr_carea' id='block_1_1' title="bbox 644 337 687 402">
    <p class='ocr_par' dir='ltr' id='par_1_1' title="bbox 644 337 687 402">
     <span class='ocr_line' id='line_1_1' title="bbox 644 337 687 402; baseline 0 0"><span class='ocrx_word' id='word_1_1' title='bbox 644 337 687 402; x_wconf 84' lang='lat' dir='ltr'><strong>tu</strong></span> 
     </span>
    </p>
   </div>
   <div class='ocr_carea' id='block_1_2' title="bbox 175 537 1146 1048">
    <p class='ocr_par' dir='ltr' id='par_1_2' title="bbox 175 537 1146 1048">
     <span class='ocr_line' id='line_1_2' title="bbox 175 537 1146 632; baseline 0.008 -25"><span class='ocrx_word' id='word_1_2' title='bbox 175 539 412 632; x_wconf 57' lang='lat' dir='ltr'><strong>suspicionibus&gt;</strong></span> <span class='ocrx_word' id='word_1_3' title='bbox 424 537 523 620; x_wconf 87' lang='lat' dir='ltr'><strong>auxii,</strong></span> <span class='ocrx_word' id='word_1_4' title='bbox 552 539 661 604; x_wconf 88' lang='lat' dir='ltr'><strong>neseio</strong></span> <span class='ocrx_word' id='word_1_5' title='bbox 684 557 759 627; x_wconf 83' lang='lat' dir='ltr'><strong>ques</strong></span> <span class='ocrx_word' id='word_1_6' title='bbox 780 541 975 611; x_wconf 85' lang='lat' dir='ltr'><strong>nobiliorum</strong></span> <span class='ocrx_word' id='word_1_7' title='bbox 989 546 1146 620; x_wconf 76' lang='lat' dir='ltr'><strong>laedones</strong></span> 
     </span>
     <span class='ocr_line' id='line_1_3' title="bbox 176 633 1144 745; baseline 0.009 -26"><span class='ocrx_word' id='word_1_8' title='bbox 176 667 210 719; x_wconf 86' lang='lat' dir='ltr'><strong>et</strong></span> <span class='ocrx_word' id='word_1_9' title='bbox 232 633 368 718; x_wconf 90' lang='lat' dir='ltr'><strong>bostium</strong></span> <span class='ocrx_word' id='word_1_10' title='bbox 389 648 514 714; x_wconf 80' lang='lat' dir='ltr'><strong>insidias</strong></span> <span class='ocrx_word' id='word_1_11' title='bbox 534 663 707 714; x_wconf 80' lang='lat' dir='ltr'><strong>metuentes</strong></span> <span class='ocrx_word' id='word_1_12' title='bbox 726 663 759 714; x_wconf 91' lang='lat' dir='ltr'><strong>et</strong></span> <span class='ocrx_word' id='word_1_13' title='bbox 781 654 940 720; x_wconf 83' lang='lat' dir='ltr'><strong>acerrimis</strong></span> <span class='ocrx_word' id='word_1_14' title='bbox 956 662 1144 745; x_wconf 84' lang='lat' dir='ltr'><strong>quaestioni·</strong></span> 
     </span>
     <span class='ocr_line' id='line_1_4' title="bbox 176 757 1144 860; baseline 0.013 -34"><span class='ocrx_word' id='word_1_15' title='bbox 176 764 236 834; x_wconf 85' lang='lat' dir='ltr'><strong>bus</strong></span> <span class='ocrx_word' id='word_1_16' title='bbox 263 762 298 825; x_wconf 88' lang='lat' dir='ltr'><strong>iu</strong></span> <span class='ocrx_word' id='word_1_17' title='bbox 328 759 413 825; x_wconf 90' lang='lat' dir='ltr'><strong>diem</strong></span> <span class='ocrx_word' id='word_1_18' title='bbox 447 757 672 824; x_wconf 75' lang='lat' dir='ltr'><strong>sollicitudines</strong></span> <span class='ocrx_word' id='word_1_19' title='bbox 706 777 853 850; x_wconf 82' lang='lat' dir='ltr'><strong>augentes</strong></span> <span class='ocrx_word' id='word_1_20' title='bbox 884 788 951 831; x_wconf 91' lang='lat' dir='ltr'><strong>nou</strong></span> <span class='ocrx_word' id='word_1_21' title='bbox 983 791 1075 860; x_wconf 81' lang='lat' dir='ltr'><strong>aeguo</strong></span> <span class='ocrx_word' id='word_1_22' title='bbox 1104 774 1144 839; x_wconf 86' lang='lat' dir='ltr'><strong>iis</strong></span> 
     </span>
     <span class='ocr_line' id='line_1_5' title="bbox 177 868 1143 958; baseline 0.011 -21"><span class='ocrx_word' id='word_1_23' title='bbox 177 872 239 938; x_wconf 91' lang='lat' dir='ltr'><strong>siut</strong></span> <span class='ocrx_word' id='word_1_24' title='bbox 260 870 425 952; x_wconf 85' lang='lat' dir='ltr'><strong>obsecuti,</strong></span> <span class='ocrx_word' id='word_1_25' title='bbox 451 868 559 956; x_wconf 90' lang='lat' dir='ltr'><strong>quiin</strong></span> <span class='ocrx_word' id='word_1_26' title='bbox 577 868 759 958; x_wconf 85' lang='lat' dir='ltr'><strong>re.trcpida</strong></span> <span class='ocrx_word' id='word_1_27' title='bbox 780 873 967 943; x_wconf 86' lang='lat' dir='ltr'><strong>comoediae</strong></span> <span class='ocrx_word' id='word_1_28' title='bbox 981 877 1143 947; x_wconf 88' lang='lat' dir='ltr'><strong>licentiam</strong></span> 
     </span>
     <span class='ocr_line' id='line_1_6' title="bbox 176 978 584 1048; baseline -0.007 0"><span class='ocrx_word' id='word_1_29' title='bbox 176 981 388 1048; x_wconf 77' lang='lat' dir='ltr'><strong>coercendam</strong></span> <span class='ocrx_word' id='word_1_30' title='bbox 408 978 584 1045; x_wconf 84' lang='lat' dir='ltr'><strong>suaderent.</strong></span> 
     </span>
    </p>
   </div>
   <div class='ocr_carea' id='block_1_3' title="bbox 180 1066 1142 1190">
    <p class='ocr_par' dir='ltr' id='par_1_3' title="bbox 180 1066 1142 1190">
     <span class='ocr_line' id='line_1_7' title="bbox 180 1066 1142 1190; baseline 0.019 -39"><span class='ocrx_word' id='word_1_31' title='bbox 180 1148 182 1151; x_wconf 84' lang='grc'><strong>,</strong></span> <span class='ocrx_word' id='word_1_32' title='bbox 216 1088 509 1182; x_wconf 83' lang='lat' dir='ltr'><strong>ExpeditioSicula</strong></span> <span class='ocrx_word' id='word_1_33' title='bbox 521 1103 554 1154; x_wconf 86' lang='lat' dir='ltr'><strong>et</strong></span> <span class='ocrx_word' id='word_1_34' title='bbox 568 1111 638 1178; x_wconf 88' lang='lat' dir='ltr'><strong>spes</strong></span> <span class='ocrx_word' id='word_1_35' title='bbox 651 1066 786 1180; x_wconf 77' lang='lat' dir='ltr'><strong>iugentis</strong></span> <span class='ocrx_word' id='word_1_36' title='bbox 801 1093 926 1182; x_wconf 89' lang='lat' dir='ltr'><strong>imperii</strong></span> <span class='ocrx_word' id='word_1_37' title='bbox 940 1097 1142 1190; x_wconf 73' lang='lat' dir='ltr'><strong>praedaeque</strong></span> 
     </span>
    </p>
   </div>
   <div class='ocr_carea' id='block_1_4' title="bbox 171 1197 1143 1285">
    <p class='ocr_par' dir='ltr' id='par_1_4' title="bbox 171 1197 1143 1285">
     <span class='ocr_line' id='line_1_8' title="bbox 171 1197 1143 1285; baseline -0.002 -17"><span class='ocrx_word' id='word_1_38' title='bbox 171 1200 357 1269; x_wconf 88' lang='lat' dir='ltr'><strong>incenderat</strong></span> <span class='ocrx_word' id='word_1_39' title='bbox 372 1221 493 1281; x_wconf 90' lang='lat' dir='ltr'><strong>omnes,</strong></span> <span class='ocrx_word' id='word_1_40' title='bbox 511 1218 642 1285; x_wconf 86' lang='lat' dir='ltr'><strong>eamque</strong></span> <span class='ocrx_word' id='word_1_41' title='bbox 653 1197 687 1262; x_wconf 89' lang='lat' dir='ltr'><strong>in</strong></span> <span class='ocrx_word' id='word_1_42' title='bbox 702 1198 1143 1278; x_wconf 75' lang='lat' dir='ltr'><strong>Alcibiadebabebantmaxi.</strong></span> 
     </span>
    </p>
   </div>
   <div class='ocr_carea' id='block_1_5' title="bbox 47 1307 1141 1404">
    <p class='ocr_par' dir='ltr' id='par_1_5' title="bbox 47 1307 1141 1404">
     <span class='ocr_line' id='line_1_9' title="bbox 47 1307 1141 1404; baseline 0.01 -31"><span class='ocrx_word' id='word_1_43' title='bbox 47 1340 50 1347; x_wconf 93' lang='lat'>·</span> <span class='ocrx_word' id='word_1_44' title='bbox 76 1312 79 1317; x_wconf 73' lang='grc'><em>’</em></span> <span class='ocrx_word' id='word_1_45' title='bbox 172 1336 274 1400; x_wconf 87' lang='lat' dir='ltr'><strong>mam,</strong></span> <span class='ocrx_word' id='word_1_46' title='bbox 299 1312 352 1404; x_wconf 82' lang='lat' dir='ltr'><strong>qui</strong></span> <span class='ocrx_word' id='word_1_47' title='bbox 376 1332 477 1401; x_wconf 87' lang='lat' dir='ltr'><strong>prope</strong></span> <span class='ocrx_word' id='word_1_48' title='bbox 494 1307 577 1373; x_wconf 92' lang='lat' dir='ltr'><strong>solus</strong></span> <span class='ocrx_word' id='word_1_49' title='bbox 598 1308 698 1401; x_wconf 86' lang='lat' dir='ltr'><strong>gratia</strong></span> <span class='ocrx_word' id='word_1_50' title='bbox 711 1311 822 1402; x_wconf 92' lang='lat' dir='ltr'><strong>populi</strong></span> <span class='ocrx_word' id='word_1_51' title='bbox 837 1314 883 1378; x_wconf 90' lang='lat' dir='ltr'><strong>ita</strong></span> <span class='ocrx_word' id='word_1_52' title='bbox 898 1313 1036 1400; x_wconf 83' lang='lat' dir='ltr'><strong>valebat,</strong></span> <span class='ocrx_word' id='word_1_53' title='bbox 1058 1335 1093 1387; x_wconf 90' lang='lat' dir='ltr'><strong>ut</strong></span> <span class='ocrx_word' id='word_1_54' title='bbox 1109 1321 1141 1398; x_wconf 87' lang='lat' dir='ltr'><strong>ei</strong></span> 
     </span>
    </p>
   </div>
   <div class='ocr_carea' id='block_1_6' title="bbox 101 1419 1140 4045">
    <p class='ocr_par' dir='ltr' id='par_1_6' title="bbox 101 1419 1140 4045">
     <span class='ocr_line' id='line_1_10' title="bbox 171 1419 1138 1512; baseline 0.007 -26"><span class='ocrx_word' id='word_1_55' title='bbox 171 1445 230 1512; x_wconf 86' lang='lat' dir='ltr'><strong>par</strong></span> <span class='ocrx_word' id='word_1_56' title='bbox 246 1443 339 1487; x_wconf 90' lang='lat' dir='ltr'><strong>nemo</strong></span> <span class='ocrx_word' id='word_1_57' title='bbox 354 1420 388 1484; x_wconf 93' lang='lat' dir='ltr'><strong>iu</strong></span> <span class='ocrx_word' id='word_1_58' title='bbox 404 1419 530 1484; x_wconf 84' lang='lat' dir='ltr'><strong>civitate</strong></span> <span class='ocrx_word' id='word_1_59' title='bbox 545 1423 737 1507; x_wconf 66' lang='lat' dir='ltr'><strong>poneretur.&#39;</strong></span> <span class='ocrx_word' id='word_1_60' title='bbox 757 1420 802 1484; x_wconf 90' lang='lat' dir='ltr'><strong>At</strong></span> <span class='ocrx_word' id='word_1_61' title='bbox 817 1420 952 1488; x_wconf 88' lang='lat' dir='ltr'><strong>eundem</strong></span> <span class='ocrx_word' id='word_1_62' title='bbox 970 1424 1138 1510; x_wconf 89' lang='lat' dir='ltr'><strong>timebant,</strong></span> 
     </span>
     <span class='ocr_line' id='line_1_11' title="bbox 170 1525 1139 1626; baseline 0.005 -29"><span class='ocrx_word' id='word_1_63' title='bbox 170 1530 257 1621; x_wconf 87' lang='lat' dir='ltr'><strong>quod</strong></span> <span class='ocrx_word' id='word_1_64' title='bbox 279 1531 450 1621; x_wconf 87' lang='lat' dir='ltr'><strong>plurimum</strong></span> <span class='ocrx_word' id='word_1_65' title='bbox 472 1529 582 1594; x_wconf 84' lang='lat' dir='ltr'><strong>obessa</strong></span> <span class='ocrx_word' id='word_1_66' title='bbox 606 1529 699 1616; x_wconf 87' lang='lat' dir='ltr'><strong>posse</strong></span> <span class='ocrx_word' id='word_1_67' title='bbox 712 1530 946 1622; x_wconf 77' lang='lat' dir='ltr'><strong>intelligebant:</strong></span> <span class='ocrx_word' id='word_1_68' title='bbox 967 1534 1065 1623; x_wconf 86' lang='lat' dir='ltr'><strong>idque</strong></span> <span class='ocrx_word' id='word_1_69' title='bbox 1080 1525 1139 1626; x_wconf 88' lang='lat' dir='ltr'><strong>po·</strong></span> 
     </span>
     <span class='ocr_line' id='line_1_12' title="bbox 170 1639 1140 1732; baseline 0.004 -24"><span class='ocrx_word' id='word_1_70' title='bbox 170 1643 322 1708; x_wconf 83' lang='lat' dir='ltr'><strong>tissimum</strong></span> <span class='ocrx_word' id='word_1_71' title='bbox 329 1641 471 1724; x_wconf 81' lang='lat' dir='ltr'><strong>Comici,</strong></span> <span class='ocrx_word' id='word_1_72' title='bbox 485 1639 538 1728; x_wconf 84' lang='lat' dir='ltr'><strong>qui</strong></span> <span class='ocrx_word' id='word_1_73' title='bbox 553 1639 772 1704; x_wconf 88' lang='lat' dir='ltr'><strong>huiuscemodi</strong></span> <span class='ocrx_word' id='word_1_74' title='bbox 786 1642 947 1732; x_wconf 76' lang='lat' dir='ltr'><strong>ingenium</strong></span> <span class='ocrx_word' id='word_1_75' title='bbox 959 1644 994 1708; x_wconf 91' lang='lat' dir='ltr'><strong>in</strong></span> <span class='ocrx_word' id='word_1_76' title='bbox 1009 1647 1140 1712; x_wconf 80' lang='lat' dir='ltr'><strong>civitate</strong></span> 
     </span>
     <span class='ocr_line' id='line_1_13' title="bbox 168 1749 1135 1846; baseline 0.003 -27"><span class='ocrx_word' id='word_1_77' title='bbox 168 1753 268 1819; x_wconf 88' lang='lat' dir='ltr'><strong>libera</strong></span> <span class='ocrx_word' id='word_1_78' title='bbox 290 1753 365 1819; x_wconf 88' lang='lat' dir='ltr'><strong>ferri</strong></span> <span class='ocrx_word' id='word_1_79' title='bbox 388 1773 457 1818; x_wconf 87' lang='lat' dir='ltr'><strong>uon</strong></span> <span class='ocrx_word' id='word_1_80' title='bbox 471 1773 566 1840; x_wconf 87' lang='lat' dir='ltr'><strong>posse</strong></span> <span class='ocrx_word' id='word_1_81' title='bbox 580 1749 848 1821; x_wconf 80' lang='lat' dir='ltr'><strong>acutevidebant.</strong></span> <span class='ocrx_word' id='word_1_82' title='bbox 894 1753 996 1846; x_wconf 84' lang='lat' dir='ltr'><strong>Saepe</strong></span> <span class='ocrx_word' id='word_1_83' title='bbox 1010 1757 1043 1821; x_wconf 92' lang='lat' dir='ltr'><strong>in</strong></span> <span class='ocrx_word' id='word_1_84' title='bbox 1060 1780 1135 1822; x_wconf 82' lang='lat' dir='ltr'><strong>eum</strong></span> 
     </span>
     <span class='ocr_line' id='line_1_14' title="bbox 171 1859 1138 1954; baseline 0.006 -26"><span class='ocrx_word' id='word_1_85' title='bbox 171 1863 296 1939; x_wconf 86' lang='lat' dir='ltr'><strong>aculeos</strong></span> <span class='ocrx_word' id='word_1_86' title='bbox 306 1868 340 1927; x_wconf 78' lang='lat' dir='ltr'><strong>et</strong></span> <span class='ocrx_word' id='word_1_87' title='bbox 354 1859 489 1926; x_wconf 85' lang='lat' dir='ltr'><strong>dicteria</strong></span> <span class='ocrx_word' id='word_1_88' title='bbox 502 1861 705 1925; x_wconf 88' lang='lat' dir='ltr'><strong>coniecerunt</strong></span> <span class='ocrx_word' id='word_1_89' title='bbox 719 1863 835 1928; x_wconf 82' lang='lat' dir='ltr'><strong>ceteri:</strong></span> <span class='ocrx_word' id='word_1_90' title='bbox 853 1861 909 1927; x_wconf 89' lang='lat' dir='ltr'><strong>sed</strong></span> <span class='ocrx_word' id='word_1_91' title='bbox 917 1865 1051 1954; x_wconf 86' lang='lat' dir='ltr'><strong>Eupolis</strong></span> <span class='ocrx_word' id='word_1_92' title='bbox 1065 1883 1138 1934; x_wconf 84' lang='lat' dir='ltr'><strong>aute</strong></span> 
     </span>
     <span class='ocr_line' id='line_1_15' title="bbox 169 1968 1139 2060; baseline 0.005 -23"><span class='ocrx_word' id='word_1_93' title='bbox 169 1968 299 2054; x_wconf 79' lang='lat' dir='ltr'><strong>omnes,</strong></span> <span class='ocrx_word' id='word_1_94' title='bbox 320 1971 377 2059; x_wconf 86' lang='lat' dir='ltr'><strong>¹qui</strong></span> <span class='ocrx_word' id='word_1_95' title='bbox 403 1968 668 2041; x_wconf 82' lang='lat' dir='ltr'><strong>mordacissimam</strong></span> <span class='ocrx_word' id='word_1_96' title='bbox 693 1972 727 2036; x_wconf 89' lang='lat' dir='ltr'><strong>iu</strong></span> <span class='ocrx_word' id='word_1_97' title='bbox 755 1995 833 2037; x_wconf 84' lang='lat' dir='ltr'><strong>eum</strong></span> <span class='ocrx_word' id='word_1_98' title='bbox 850 1973 974 2060; x_wconf 84' lang='lat' dir='ltr'><strong>scripsit</strong></span> <span class='ocrx_word' id='word_1_99' title='bbox 996 1974 1139 2042; x_wconf 82' lang='lat' dir='ltr'><strong>fabulam</strong></span> 
     </span>
     <span class='ocr_line' id='line_1_16' title="bbox 170 2079 1136 2173; baseline -0.001 -23"><span class='ocrx_word' id='word_1_100' title='bbox 170 2090 321 2164; x_wconf 72' lang='lat' dir='ltr'><strong>Benene,</strong></span> <span class='ocrx_word' id='word_1_101' title='bbox 347 2082 382 2144; x_wconf 84' lang='lat' dir='ltr'><strong>iu</strong></span> <span class='ocrx_word' id='word_1_102' title='bbox 406 2101 467 2168; x_wconf 86' lang='lat' dir='ltr'><strong>qua</strong></span> <span class='ocrx_word' id='word_1_103' title='bbox 491 2080 543 2167; x_wconf 90' lang='lat' dir='ltr'><strong>qui</strong></span> <span class='ocrx_word' id='word_1_104' title='bbox 570 2096 692 2145; x_wconf 86' lang='lat' dir='ltr'><strong>ceteros</strong></span> <span class='ocrx_word' id='word_1_105' title='bbox 717 2079 1048 2166; x_wconf 40' lang='lat' dir='ltr'><strong>ludificativsolebut,</strong></span> <span class='ocrx_word' id='word_1_106' title='bbox 1068 2085 1136 2173; x_wconf 88' lang='lat' dir='ltr'><strong>ipse</strong></span> 
     </span>
     <span class='ocr_line' id='line_1_17' title="bbox 169 2186 1135 2281; baseline 0.004 -25"><span class='ocrx_word' id='word_1_107' title='bbox 169 2188 274 2281; x_wconf 88' lang='lat' dir='ltr'><strong>lepide</strong></span> <span class='ocrx_word' id='word_1_108' title='bbox 298 2188 504 2256; x_wconf 56' lang='lat' dir='ltr'><strong>irridebatur,</strong></span> <span class='ocrx_word' id='word_1_109' title='bbox 545 2186 647 2268; x_wconf 81' lang='lat' dir='ltr'><strong>Quam</strong></span> <span class='ocrx_word' id='word_1_110' title='bbox 672 2188 787 2277; x_wconf 84' lang='lat' dir='ltr'><strong>inique·</strong></span> <span class='ocrx_word' id='word_1_111' title='bbox 803 2191 887 2255; x_wconf 89' lang='lat' dir='ltr'><strong>hano</strong></span> <span class='ocrx_word' id='word_1_112' title='bbox 909 2191 1135 2260; x_wconf 85' lang='lat' dir='ltr'><strong>contumeliam</strong></span> 
     </span>
     <span class='ocr_line' id='line_1_18' title="bbox 168 2299 1135 2389; baseline 0.003 -23"><span class='ocrx_word' id='word_1_113' title='bbox 168 2300 348 2366; x_wconf 83' lang='lat' dir='ltr'><strong>Alcibiades</strong></span> <span class='ocrx_word' id='word_1_114' title='bbox 371 2300 469 2365; x_wconf 83' lang='lat' dir='ltr'><strong>elatus</strong></span> <span class='ocrx_word' id='word_1_115' title='bbox 491 2299 590 2389; x_wconf 85' lang='lat' dir='ltr'><strong>gratia</strong></span> <span class='ocrx_word' id='word_1_116' title='bbox 611 2299 722 2388; x_wconf 91' lang='lat' dir='ltr'><strong>populi</strong></span> <span class='ocrx_word' id='word_1_117' title='bbox 745 2299 871 2383; x_wconf 89' lang='lat' dir='ltr'><strong>tulerit,</strong></span> <span class='ocrx_word' id='word_1_118' title='bbox 895 2301 945 2366; x_wconf 84' lang='lat' dir='ltr'><strong>vel</strong></span> <span class='ocrx_word' id='word_1_119' title='bbox 966 2323 1135 2387; x_wconf 78' lang='lat' dir='ltr'><strong>erumme</strong></span> 
     </span>
     <span class='ocr_line' id='line_1_19' title="bbox 101 2403 1136 2500; baseline 0.003 -23"><span class='ocrx_word' id='word_1_120' title='bbox 101 2477 104 2488; x_wconf 80' lang='grc'>,</span> <span class='ocrx_word' id='word_1_121' title='bbox 168 2411 334 2493; x_wconf 76' lang='lat' dir='ltr'><strong>coniicias,</strong></span> <span class='ocrx_word' id='word_1_122' title='bbox 363 2432 427 2499; x_wconf 89' lang='lat' dir='ltr'><strong>quo</strong></span> <span class='ocrx_word' id='word_1_123' title='bbox 454 2432 491 2474; x_wconf 86' lang='lat' dir='ltr'><strong>ex</strong></span> <span class='ocrx_word' id='word_1_124' title='bbox 513 2403 671 2475; x_wconf 77' lang='lat' dir='ltr'><strong>simultate</strong></span> <span class='ocrx_word' id='word_1_125' title='bbox 690 2411 835 2477; x_wconf 88' lang='lat' dir='ltr'><strong>iocosum</strong></span> <span class='ocrx_word' id='word_1_126' title='bbox 856 2419 984 2500; x_wconf 76' lang='lat' dir='ltr'><strong>poetam</strong></span> <span class='ocrx_word' id='word_1_127' title='bbox 998 2414 1032 2477; x_wconf 89' lang='lat' dir='ltr'><strong>in</strong></span> <span class='ocrx_word' id='word_1_128' title='bbox 1049 2435 1136 2481; x_wconf 78' lang='lat' dir='ltr'><strong>mum</strong></span> 
     </span>
     <span class='ocr_line' id='line_1_20' title="bbox 166 2518 1136 2612; baseline 0 -22"><span class='ocrx_word' id='word_1_129' title='bbox 166 2523 373 2612; x_wconf 85' lang='lat' dir='ltr'><strong>praecipitem</strong></span> <span class='ocrx_word' id='word_1_130' title='bbox 405 2518 527 2584; x_wconf 87' lang='lat' dir='ltr'><strong>dedisse</strong></span> <span class='ocrx_word' id='word_1_131' title='bbox 557 2520 669 2585; x_wconf 83' lang='lat' dir='ltr'><strong>fertur.</strong></span> <span class='ocrx_word' id='word_1_132' title='bbox 726 2521 836 2608; x_wconf 88' lang='lat' dir='ltr'><strong>ltaque</strong></span> <span class='ocrx_word' id='word_1_133' title='bbox 865 2524 1136 2610; x_wconf 72' lang='lat' dir='ltr'><strong>opportunitatem</strong></span> 
     </span>
     <span class='ocr_line' id='line_1_21' title="bbox 166 2630 1135 2722; baseline 0.003 -26"><span class='ocrx_word' id='word_1_134' title='bbox 166 2649 325 2722; x_wconf 87' lang='lat' dir='ltr'><strong>captasse,</strong></span> <span class='ocrx_word' id='word_1_135' title='bbox 350 2654 411 2717; x_wconf 87' lang='lat' dir='ltr'><strong>qua</strong></span> <span class='ocrx_word' id='word_1_136' title='bbox 431 2630 563 2694; x_wconf 90' lang='lat' dir='ltr'><strong>nimium</strong></span> <span class='ocrx_word' id='word_1_137' title='bbox 584 2630 905 2720; x_wconf 76' lang='lat' dir='ltr'><strong>lascivientespoetus</strong></span> <span class='ocrx_word' id='word_1_138' title='bbox 919 2653 1030 2701; x_wconf 82' lang='lat' dir='ltr'><strong>severe</strong></span> <span class='ocrx_word' id='word_1_139' title='bbox 1047 2655 1135 2701; x_wconf 83' lang='lat' dir='ltr'><strong>oum·</strong></span> 
     </span>
     <span class='ocr_line' id='line_1_22' title="bbox 162 2740 1128 2832; baseline 0.001 -27"><span class='ocrx_word' id='word_1_140' title='bbox 162 2755 323 2831; x_wconf 86' lang='lat' dir='ltr'><strong>pesceret,</strong></span> <span class='ocrx_word' id='word_1_141' title='bbox 344 2740 605 2806; x_wconf 76' lang='lat' dir='ltr'><strong>verisimillimum</strong></span> <span class='ocrx_word' id='word_1_142' title='bbox 630 2749 677 2804; x_wconf 85' lang='lat' dir='ltr'><strong>est</strong></span> <span class='ocrx_word' id='word_1_143' title='bbox 698 2756 740 2804; x_wconf 85' lang='lat' dir='ltr'><strong>et</strong></span> <span class='ocrx_word' id='word_1_144' title='bbox 752 2740 863 2804; x_wconf 82' lang='lat' dir='ltr'><strong>lubens</strong></span> <span class='ocrx_word' id='word_1_145' title='bbox 879 2741 1015 2832; x_wconf 78' lang='lat' dir='ltr'><strong>Rergkio</strong></span> <span class='ocrx_word' id='word_1_146' title='bbox 1030 2743 1128 2810; x_wconf 84' lang='lat' dir='ltr'><strong>oredo</strong></span> 
     </span>
     <span class='ocr_line' id='line_1_23' title="bbox 165 2848 1129 2940; baseline 0.005 -25"><span class='ocrx_word' id='word_1_147' title='bbox 165 2850 341 2916; x_wconf 80' lang='lat' dir='ltr'><strong>affirmanti</strong></span> <span class='ocrx_word' id='word_1_148' title='bbox 360 2873 433 2940; x_wconf 80' lang='lat' dir='ltr'><strong>pag.</strong></span> <span class='ocrx_word' id='word_1_149' title='bbox 463 2848 540 2915; x_wconf 82' lang='lat'>318.</span> <span class='ocrx_word' id='word_1_150' title='bbox 586 2849 928 2939; x_wconf 76' lang='lat' dir='ltr'><strong>Nempe&#39;spernendus</strong></span> <span class='ocrx_word' id='word_1_151' title='bbox 951 2869 998 2918; x_wconf 87' lang='lat' dir='ltr'><strong>est</strong></span> <span class='ocrx_word' id='word_1_152' title='bbox 1018 2853 1129 2938; x_wconf 49' lang='lat' dir='ltr'><strong>¹locus,</strong></span> 
     </span>
     <span class='ocr_line' id='line_1_24' title="bbox 165 2958 1130 3048; baseline 0.003 -22"><span class='ocrx_word' id='word_1_153' title='bbox 165 2984 258 3048; x_wconf 88' lang='lat' dir='ltr'><strong>quem</strong></span> <span class='ocrx_word' id='word_1_154' title='bbox 285 2985 304 3026; x_wconf 89' lang='lat' dir='ltr'><strong>e</strong></span> <span class='ocrx_word' id='word_1_155' title='bbox 329 2960 427 3025; x_wconf 88' lang='lat' dir='ltr'><strong>docto</strong></span> <span class='ocrx_word' id='word_1_156' title='bbox 452 2975 703 3027; x_wconf 82' lang='lat' dir='ltr'><strong>commentatore</strong></span> <span class='ocrx_word' id='word_1_157' title='bbox 719 2958 864 3032; x_wconf 85' lang='lat' dir='ltr'><strong>Aristidis</strong></span> <span class='ocrx_word' id='word_1_158' title='bbox 886 2963 1011 3046; x_wconf 87' lang='lat' dir='ltr'><strong>attulit,</strong></span> <span class='ocrx_word' id='word_1_159' title='bbox 1036 2964 1130 3032; x_wconf 80' lang='lat' dir='ltr'><strong>Toou.</strong></span> 
     </span>
     <span class='ocr_line' id='line_1_25' title="bbox 163 3068 1133 3160; baseline 0.01 -26"><span class='ocrx_word' id='word_1_160' title='bbox 163 3071 221 3137; x_wconf 82' lang='lat' dir='ltr'><strong>Ill.</strong></span> <span class='ocrx_word' id='word_1_161' title='bbox 239 3094 271 3160; x_wconf 87' lang='lat' dir='ltr'><strong>p.</strong></span> <span class='ocrx_word' id='word_1_162' title='bbox 285 3075 364 3151; x_wconf 92' lang='grc'><strong><em>444.</em></strong></span> <span class='ocrx_word' id='word_1_163' title='bbox 381 3069 477 3148; x_wconf 82' lang='lat' dir='ltr'><strong>Dind.</strong></span> <span class='ocrx_word' id='word_1_164' title='bbox 499 3068 618 3137; x_wconf 74' lang='grc' dir='ltr'><strong><em>’Ἀλλοι</em></strong></span> <span class='ocrx_word' id='word_1_165' title='bbox 642 3073 677 3139; x_wconf 82' lang='lat' dir='ltr'><strong>dd</strong></span> <span class='ocrx_word' id='word_1_166' title='bbox 701 3071 858 3152; x_wconf 64' lang='lat' dir='ltr'><strong>tersere,</strong></span> <span class='ocrx_word' id='word_1_167' title='bbox 882 3075 930 3146; x_wconf 79' lang='grc' dir='ltr'><strong>ὅτι</strong></span> <span class='ocrx_word' id='word_1_168' title='bbox 953 3074 1133 3158; x_wconf 67' lang='grc' dir='ltr'><strong><em>ἐιωιιῴδουι</em></strong></span> 
     </span>
     <span class='ocr_line' id='line_1_26' title="bbox 162 3183 1133 3270; baseline 0.004 -22"><span class='ocrx_word' id='word_1_169' title='bbox 162 3185 288 3267; x_wconf 58' lang='lat' dir='ltr'><strong>drepani</strong></span> <span class='ocrx_word' id='word_1_170' title='bbox 309 3186 385 3258; x_wconf 73' lang='lat' dir='ltr'><strong>rode</strong></span> <span class='ocrx_word' id='word_1_171' title='bbox 401 3183 515 3268; x_wconf 74' lang='grc' dir='ltr'><strong><em>ἄνδρας</em></strong></span> <span class='ocrx_word' id='word_1_172' title='bbox 527 3183 629 3270; x_wconf 76' lang='grc' dir='ltr'><strong><em>μέχρις</em></strong></span> <span class='ocrx_word' id='word_1_173' title='bbox 645 3183 827 3260; x_wconf 69' lang='grc' dir='ltr'><strong><em>Εὐπόλιδος.</em></strong></span> <span class='ocrx_word' id='word_1_174' title='bbox 838 3185 1133 3270; x_wconf 54' lang='grc' dir='ltr'><strong><em>»πιριιῖλιὸὲιιῦω</em></strong></span> 
     </span>
     <span class='ocr_line' id='line_1_27' title="bbox 163 3294 1131 3382; baseline 0 0"><span class='ocrx_word' id='word_1_175' title='bbox 163 3294 370 3382; x_wconf 55' lang='lat' dir='ltr'><strong>’Attumne</strong></span> <span class='ocrx_word' id='word_1_176' title='bbox 392 3297 419 3358; x_wconf 74' lang='grc' dir='ltr'><strong>-ό</strong></span> <span class='ocrx_word' id='word_1_177' title='bbox 437 3297 589 3380; x_wconf 52' lang='lat' dir='ltr'><strong>‘emmae</strong></span> <span class='ocrx_word' id='word_1_178' title='bbox 615 3298 667 3360; x_wconf 69' lang='lat' dir='ltr'><strong>eat</strong></span> <span class='ocrx_word' id='word_1_179' title='bbox 692 3298 806 3381; x_wconf 50' lang='lat' dir='ltr'><strong>teme-¹</strong></span> <span class='ocrx_word' id='word_1_180' title='bbox 841 3296 1049 3380; x_wconf 56' lang='lat' dir='ltr'><strong>hemum</strong></span> <span class='ocrx_word' id='word_1_181' title='bbox 1072 3299 1131 3382; x_wconf 64' lang='grc' dir='ltr'><strong>ιᾶι</strong></span> 
     </span>
     <span class='ocr_line' id='line_1_28' title="bbox 162 3403 1130 3493; baseline 0.003 -23"><span class='ocrx_word' id='word_1_182' title='bbox 162 3408 244 3493; x_wconf 74' lang='grc' dir='ltr'><strong>παρὰ</strong></span> <span class='ocrx_word' id='word_1_183' title='bbox 268 3403 439 3479; x_wconf 75' lang='grc' dir='ltr'><strong><em>Εὐπόλιδος</em></strong></span> <span class='ocrx_word' id='word_1_184' title='bbox 461 3407 585 3491; x_wconf 60' lang='grc' dir='ltr'><strong><em>ἐᾘριψιι</em></strong></span> <span class='ocrx_word' id='word_1_185' title='bbox 606 3408 702 3471; x_wconf 76' lang='grc' dir='ltr'><strong><em>αὐτὸν</em></strong></span> <span class='ocrx_word' id='word_1_186' title='bbox 719 3410 753 3473; x_wconf 75' lang='lat' dir='ltr'><strong>lv</strong></span> <span class='ocrx_word' id='word_1_187' title='bbox 769 3414 808 3492; x_wconf 65' lang='grc' dir='ltr'><strong>τῇ</strong></span> <span class='ocrx_word' id='word_1_188' title='bbox 827 3405 968 3492; x_wconf 70' lang='grc' dir='ltr'><strong>θαλάττῃ</strong></span> <span class='ocrx_word' id='word_1_189' title='bbox 987 3411 1023 3474; x_wconf 74' lang='grc' dir='ltr'><strong>ἐι</strong></span> <span class='ocrx_word' id='word_1_190' title='bbox 1042 3415 1130 3473; x_wconf 67' lang='lat' dir='ltr'><strong>Esus·</strong></span> 
     </span>
     <span class='ocr_line' id='line_1_29' title="bbox 162 3514 1129 3602; baseline 0.002 -20"><span class='ocrx_word' id='word_1_191' title='bbox 162 3517 216 3602; x_wconf 63' lang='lat' dir='ltr'><strong>tte</strong></span> <span class='ocrx_word' id='word_1_192' title='bbox 226 3518 509 3602; x_wconf 67' lang='lat' dir='ltr'><strong>-eueparevepssom&#39;</strong></span> <span class='ocrx_word' id='word_1_193' title='bbox 522 3537 595 3598; x_wconf 82' lang='lat' dir='ltr'><strong>uam</strong></span> <span class='ocrx_word' id='word_1_194' title='bbox 610 3536 798 3602; x_wconf 71' lang='lat' dir='ltr'><strong>quamquam</strong></span> <span class='ocrx_word' id='word_1_195' title='bbox 812 3514 891 3578; x_wconf 84' lang='lat' dir='ltr'><strong>falsa</strong></span> <span class='ocrx_word' id='word_1_196' title='bbox 904 3537 972 3579; x_wconf 79' lang='lat' dir='ltr'><strong>esse</strong></span> <span class='ocrx_word' id='word_1_197' title='bbox 985 3532 1129 3601; x_wconf 71' lang='lat' dir='ltr'><strong>conant,</strong></span> 
     </span>
     <span class='ocr_line' id='line_1_30' title="bbox 162 3622 1131 3717; baseline -0.001 -25"><span class='ocrx_word' id='word_1_198' title='bbox 162 3623 243 3716; x_wconf 82' lang='lat' dir='ltr'><strong>quae</strong></span> <span class='ocrx_word' id='word_1_199' title='bbox 265 3627 308 3692; x_wconf 85' lang='lat' dir='ltr'><strong>de</strong></span> <span class='ocrx_word' id='word_1_200' title='bbox 326 3649 405 3697; x_wconf 88' lang='lat' dir='ltr'><strong>nece</strong></span> <span class='ocrx_word' id='word_1_201' title='bbox 429 3622 757 3715; x_wconf 79' lang='lat' dir='ltr'><strong>Eupolidisaddidit,</strong></span> <span class='ocrx_word' id='word_1_202' title='bbox 776 3623 898 3711; x_wconf 77' lang='lat' dir='ltr'><strong>reliqua</strong></span> <span class='ocrx_word' id='word_1_203' title='bbox 916 3625 954 3689; x_wconf 89' lang='lat' dir='ltr'><strong>io</strong></span> <span class='ocrx_word' id='word_1_204' title='bbox 969 3627 1131 3717; x_wconf 77' lang='lat' dir='ltr'><strong>ingenium</strong></span> 
     </span>
     <span class='ocr_line' id='line_1_31' title="bbox 162 3736 1129 3826; baseline 0.001 -25"><span class='ocrx_word' id='word_1_205' title='bbox 162 3736 336 3803; x_wconf 84' lang='lat' dir='ltr'><strong>Alcibiadis</strong></span> <span class='ocrx_word' id='word_1_206' title='bbox 354 3753 594 3826; x_wconf 81' lang='lat' dir='ltr'><strong>temporumque</strong></span> <span class='ocrx_word' id='word_1_207' title='bbox 608 3736 736 3801; x_wconf 88' lang='lat' dir='ltr'><strong>illomm</strong></span> <span class='ocrx_word' id='word_1_208' title='bbox 750 3736 909 3820; x_wconf 82' lang='lat' dir='ltr'><strong>rationem</strong></span> <span class='ocrx_word' id='word_1_209' title='bbox 922 3752 989 3800; x_wconf 85' lang='lat' dir='ltr'><strong>tam</strong></span> <span class='ocrx_word' id='word_1_210' title='bbox 1004 3737 1129 3826; x_wconf 76' lang='lat' dir='ltr'><strong>egregie</strong></span> 
     </span>
     <span class='ocr_line' id='line_1_32' title="bbox 162 3843 1128 3929; baseline 0 -17"><span class='ocrx_word' id='word_1_211' title='bbox 162 3848 369 3929; x_wconf 82' lang='lat' dir='ltr'><strong>conveniunt,</strong></span> <span class='ocrx_word' id='word_1_212' title='bbox 384 3862 500 3910; x_wconf 87' lang='lat' dir='ltr'><strong>utnon</strong></span> <span class='ocrx_word' id='word_1_213' title='bbox 515 3843 556 3909; x_wconf 87' lang='lat' dir='ltr'><strong>de</strong></span> <span class='ocrx_word' id='word_1_214' title='bbox 570 3868 628 3909; x_wconf 84' lang='lat' dir='ltr'><strong>suo</strong></span> <span class='ocrx_word' id='word_1_215' title='bbox 643 3845 768 3910; x_wconf 84' lang='lat' dir='ltr'><strong>finxisse</strong></span> <span class='ocrx_word' id='word_1_216' title='bbox 779 3845 1051 3928; x_wconf 63' lang='lat' dir='ltr'><strong>eremmon,</strong></span> <span class='ocrx_word' id='word_1_217' title='bbox 1071 3845 1128 3912; x_wconf 90' lang='lat' dir='ltr'><strong>sed</strong></span> 
     </span>
     <span class='ocr_line' id='line_1_33' title="bbox 164 3952 1128 4045; baseline 0 -23"><span class='ocrx_word' id='word_1_218' title='bbox 164 3958 334 4024; x_wconf 81' lang='lat' dir='ltr'><strong>eveterum</strong></span> <span class='ocrx_word' id='word_1_219' title='bbox 343 3954 536 4021; x_wconf 64' lang='lat' dir='ltr'><strong>‘auctoritate</strong></span> <span class='ocrx_word' id='word_1_220' title='bbox 544 3957 702 4045; x_wconf 85' lang='lat' dir='ltr'><strong>scripsisse</strong></span> <span class='ocrx_word' id='word_1_221' title='bbox 714 3979 780 4023; x_wconf 90' lang='lat' dir='ltr'><strong>non</strong></span> <span class='ocrx_word' id='word_1_222' title='bbox 791 3954 930 4042; x_wconf 83' lang='lat' dir='ltr'><strong>sitquod</strong></span> <span class='ocrx_word' id='word_1_223' title='bbox 941 3952 1128 4026; x_wconf 82' lang='lat' dir='ltr'><strong>dubitemus.</strong></span> 
     </span>
    </p>
   </div>
   <div class='ocr_carea' id='block_1_7' title="bbox 0 0 1314 4934">
    <p class='ocr_par' dir='ltr' id='par_1_7' title="bbox 0 0 1314 4934">
     <span class='ocr_line' id='line_1_34' title="bbox 0 0 1314 4934; baseline 0 4"><span class='ocrx_word' id='word_1_224' title='bbox 0 0 1314 4934; x_wconf 95' lang='lat' dir='ltr'><strong> </strong></span> 
     </span>
    </p>
   </div>
  </div>
 </body>
</html>
