2618 4934
762 290 821 433 a.

295 541 404 610 scribit
429 539 469 606 de
492 553 595 604 morte
622 537 763 602 Cratini:
794 535 920 622 τελευτᾷ
949 537 983 605 δὲ
1010 543 1265 628 mademarius

295 653 495 743 ἐσβαλόντων
523 655 558 717 τὸ
587 653 727 736 πρῶτον»
760 647 801 723 ὥς
834 665 926 736 φησιν
958 649 1176 741 Ἀριςοφάνης.
1208 660 1263 746 qui

293 767 405 830 misere
419 764 453 828 in
467 780 646 851 temporum
661 759 834 824 rationibus
849 760 965 826 turbat.
998 763 1082 828 Nam
1097 767 1258 854 Cratinus,

294 897 391 963 quum
405 889 515 939 ¹aetate
535 871 696 938 confectus
720 868 942 958 lepidissimam
963 872 1103 941 fabulam
1117 881 1259 964 Πυτίνην

223 1050 226 1055 .
292 986 450 1052 docuisset
475 985 603 1072 Olymp.
629 980 802 1044 LXXXIX.
833 1005 860 1046 1.
892 1004 976 1047 anno
1004 989 1146 1073 sequenti
1174 986 1261 1054 diem

293 1099 383 1164 obiit.
419 1095 682 1184 Spartaniautem
699 1114 794 1179 quum
810 1093 905 1157 tertio
921 1110 994 1159 ante
1009 1118 1091 1160 anno
1115 1097 1260 1188 (Olymp.

291 1206 492 1272 LXXXVIII.
512 1201 559 1290 3.)
573 1203 606 1266 in
622 1202 760 1265 Atticam
775 1201 959 1267 invasissent
975 1202 1129 1293 (Thucyd.
1141 1207 1199 1273 IV.
1212 1208 1261 1297 a.)

291 1343 357 1385 non
377 1315 538 1400 redierunt
559 1313 618 1376 nisi
638 1334 721 1377 anuo
744 1328 816 1400 post
842 1330 1003 1379 mortuum
1025 1317 1185 1382 Cratinum
1207 1342 1261 1384 se·

289 1430 393 1518 ptimo
408 1426 548 1514 (Olymp.
565 1424 650 1491 XCI.
668 1423 700 1489 3.
714 1421 859 1512 Thucyd.
877 1422 947 1490 Vll.
970 1425 1053 1514 19.):
1072 1451 1168 1516 quare
1183 1429 1260 1523 hae·

290 1561 361 1604 rens
386 1536 559 1603 Meinelius
579 1536 613 1598 in
638 1536 681 1600 H.
702 1533 735 1599 C.
755 1535 789 1599 C.
811 1557 884 1623 pag.
902 1533 957 1613 45.
981 1558 1019 1599 eo
1036 1538 1196 1627 confugit,
1221 1535 1261 1605 ut

289 1648 461 1714 coniiceret
484 1645 728 1734 Aristophanem
750 1644 1006 1732 quemadmodum
1024 1671 1153 1713 causam
1176 1672 1257 1713 mor*

288 1767 329 1824 tis
347 1759 468 1823 Cratini
477 1757 677 1846 facetissime
692 1755 762 1817 lusu
777 1769 967 1818 commentas
982 1771 1078 1840 esset,
1101 1766 1147 1821 ita
1163 1767 1257 1824 etiam

287 1868 374 1933 tilam
398 1867 715 1932 Lacedaemoniorum
743 1868 777 1922 in
804 1864 944 1924 Atticam
973 1872 1165 1931 invasionem
1188 1871 1256 1954 fia.

286 1987 385 2056 scisse.
431 1979 592 2063 Apparet,
615 1972 650 2032 in
675 1991 750 2054 quas
774 1971 929 2056 augustias
952 1970 1002 2033 vir
1023 1969 1134 2036 doctus
1156 1977 1255 2045 fuerit

287 2087 480 2176 compulsus,
504 2081 558 2167 qui
575 2080 636 2183 ¹ista
656 2077 797 2165 potuerit
811 2078 1000 2168 excogitare.
1048 2081 1191 2171 Arripuit
1207 2102 1257 2152 ta·
1281 2066 1291 2085 ⁰

286 2221 360 2266 rnen
383 2198 465 2259 hanc
493 2189 752 2278 qualemcumque
780 2188 1094 2276 interpretationem,
1119 2208 1155 2256 ut
1168 2196 1203 2258 in
1219 2219 1256 2262 re

286 2305 497 2384 conclamata,
525 2298 714 2363 Fritzschius
730 2298 765 2361 in
782 2299 923 2386 Quaerit.
939 2303 1041 2366 Arist.
1056 2325 1090 2390 p.
1107 2303 1183 2371 258.
1202 2329 1251 2395 sq.

285 2418 349 2509 qui.
361 2437 404 2480 ea
428 2418 554 2501 ingenio
580 2409 716 2475 lactentis
744 2409 861 2474 Comici
879 2409 971 2475 istam
985 2411 1253 2482 Lacedaemonio·

283 2552 355 2597 rum
380 2523 593 2590 incursionem
619 2519 807 2585 metiendum
834 2524 971 2586 censuitt
1004 2545 1119 2612 nempe
1145 2524 1274 2593 fictam,

285 2659 376 2716 esse,
392 2647 434 2707 ,ut
456 2633 592 2719 mirifica
620 2631 743 2696 Cratini
761 2628 926 2719 (decrepiti
941 2632 1034 2720 senis)
1051 2642 1179 2721 ἰςιιανία
1194 2660 1252 2703 nos

283 2758 419 2824 taretur,
444 2758 476 2807 et
494 2763 557 2805 una
580 2762 678 2828 opera
692 2740 863 2805 vinolentia
877 2740 1031 2824 hominis,
1055 2743 1142 2832 quod
1153 2756 1251 2814 emori

284 2854 460 2934 maluimet,
473 2875 567 2942 quam
582 2852 694 2916 cadum
709 2857 773 2916 vini
785 2850 980 2937 confractum
995 2855 1093 2917 oculis
1110 2880 1249 2927 camere.
1297 2870 1300 2877 '

283 2965 388 3030 Nemo
411 2986 477 3028 non
492 2963 603 3046 sentit,
627 2983 721 3050 quam
736 2958 815 3024 nihil
829 2961 1006 3026 huiusmodi
1023 2965 1246 3054 explicationes

285 3073 489 3162 Aristophani
513 3075 645 3162 prosint.
689 3069 834 3157 Namque
852 3069 941 3160 lepos
959 3073 993 3136 in
1008 3074 1074 3138 istis
1089 3099 1248 3144 commen·

283 3188 323 3252 tis
339 3187 420 3262 inest
435 3183 555 3250 nullus:
574 3196 684 3249 contra
698 3179 774 3266 quid
789 3182 885 3246 animi
897 3183 1140 3252 Atheniensibus
1155 3188 1246 3254 fuisse

285 3319 465 3364 censeamus
489 3297 521 3359 in
543 3292 653 3358 odiosa
676 3290 736 3354 ista
762 3291 923 3357 Laconum
946 3302 1246 3365 commemoratione

283 3407 539 3487 recordantibus,
562 3415 680 3489 quanto
693 3423 750 3464 suo
766 3399 924 3468 dedecore
938 3420 970 3468 et
985 3403 1106 3470 damnis
1120 3407 1244 3499 Sparta·

283 3543 398 3584 norum
408 3517 522 3583 milites
533 3510 789 3603 agrumAtticum
801 3512 929 3602 impune
940 3532 1041 3580 essent
1050 3515 1245 3608 depopulatis

284 3628 399 3694 deinde
426 3625 501 3716 quid
526 3625 573 3689 rei
599 3622 640 3686 sit
664 3621 1016 3688 Laconum'inoursioni
1045 3650 1117 3692 cum
1145 3644 1246 3694 morte

286 3738 406 3802 Cratini
424 3751 457 3798 et
475 3734 622 3798 dillra'cto
641 3733 706 3796 vini
731 3731 835 3815 dolio,
860 3757 954 3799 nemo
980 3733 1104 3803 dixerit.
1149 3740 1245 3826 Atqui

283 3863 450 3931 utramque
480 3865 548 3906 rem
564 3885 568 3891 -
582 3842 752 3907 arctissime
779 3853 846 3908 esse
874 3845 1127 3936 coniungendam
1157 3849 1246 3914 locus

284 3951 501 4041 Aristophanis
516 3950 643 4016 clamat.
670 3950 797 4035 'Sensit,
813 3955 942 4042 opinor,
957 3956 1030 4022 istas
1046 3955 1248 4026 difficultates
