2618 4934
741 317 784 382 50

291 535 428 613 possent.
452 515 620 589 Ἐπέλιπον
639 523 669 587 οἱ
682 521 819 608 χορηγοὶ,
837 518 881 581 ait
892 515 1053 581 Platonius
1062 538 1137 608 pag.
1149 540 1252 589 κων.

292 633 327 700 οὐ
349 636 407 719 γὰρ
425 634 471 700 ἔτι
488 634 667 719 προθυμίαν
682 627 763 718 εἶχον
784 615 814 696 cl
832 629 1007 713 Ἀθηναῖοι
1019 634 1095 725 ,τούς
1115 638 1256 718 χορηγούς

290 749 360 820 τους
378 746 590 834 τὰς’δαπάνας
610 739 673 820 τοῖς
694 749 845 834 χορευταῖς
860 740 1049 832 παρέχοντας
1068 750 1256 828 χειροτονεῖν.

290 854 378 920 Nihil
397 871 503 922 tamen
527 858 715 923 intentatum
734 851 947 937 reliquerunt,
972 865 1008 914 ut
1028 873 1100 916 suus
1120 854 1258 918 Comoe-

290 963 363 1046 diae,
383 967 487 1055 honos
510 982 541 1031 et
567 961 716 1053 splendor
741 975 916 1026 constaret:
952 961 1058 1047 itaque
1084 986 1181 1049 quum
1204 963 1259 1027 ali·

289 1073 437 1160 quamdiu
452 1075 587 1163 maligne
602 1072 646 1137 ob
662 1071 823 1160 penuriam
838 1069 976 1133 Cornicis
992 1087 1110 1136 sumtus
1122 1071 1255 1164 adcho·

286 1206 339 1248 ros
355 1184 513 1249 ornandos
527 1198 629 1267 esseut
641 1178 846 1270 suppeditati,
861 1179 981 1268 placuit
991 1179 1118 1271 Olymp.
1135 1182 1254 1250 XCHI.

287 1294 508 1376 annotertio,
531 1309 567 1357 ut
589 1293 665 1358 bini·
681 1290 810 1379 choragi
832 1288 960 1379 singulis
979 1289 1144 1374 darentur,
1166 1291 1259 1379 quod

286 1417 409 1468 constat
434 1402 594 1469 luculento
621 1400 798 1482 Aristotelis
823 1400 1004 1491 testimonio
1034 1399 1119 1490 apud
1144 1401 1263 1481 Schol.

161 1510 163 1519 '
192 1552 194 1554 ·
284 1513 382 1579 Arist.
403 1515 486 1579 Rau.
505 1537 550 1580 vs.
574 1513 650 1601 406.
673 1509 762 1598 Ἤδη
781 1511 873 1591 λιτῶς
895 1501 1062 1597 ἐχορηγεῖτο
1080 1520 1143 1588 τοῖς
1159 1541 1255 1600 ποορ·

284 1631 360 1700 ταῖς.
392 1628 443 1692 ἐπὶ
469 1630 543 1712 γοῦν
563 1631 614 1692 τοῦ
637 1624 776 1721 Καλλίου
790 1630 906 1711 ιτουτου
926 1615 1018 1709 ’φησὶν
1035 1622 1254 1712 Ἀριςοτέλρς,

282 1736 330 1801 ὅτι
346 1768 349 1776 “
363 1737 474 1806 οδνδυο
505 1737 589 1812 ἔδοξε
612 1741 749 1822 χορηγεῖν
771 1733 811 1800 κδ
823 1741 979 1830 Διονύσια
1003 1744 1066 1813 τοῖς
1087 1740 1255 1824 τραγῳδοῖς

215 1883 217 1889 ·
275 1848 515 1932 -καὶικωμορδοῖς
528 1846 585 1922 ὥςε
606 1835 651 1927 ἦν
665 1871 711 1920 τις
728 1847 781 1910 καὶ
794 1848 877 1930 παρὰ
893 1849 947 1914 τὸν
959 1851 1259 1945 Ληναὶκὸνουςολοὶ.ι

281 1953 382 2041 Huius
396 1956 449 2024 rei,
459 1956 628 2019 obscurum
644 1953 775 2042 aliquod
792 1955 958 2044 vestigium
973 1957 1050 2045 mihi
1065 1957 1142 2022 olim
1157 1984 1252 2049 repe-

280 2064 358 2131 risse.
378 2061 509 2152 uidebar
526 2048 650 2127 inloco
666 2052 818 2151 Stephani
835 2063 996 2153 Byzantini
1010 2087 1042 2128 v.
1067 2064 1190 2152 Ἀτήνχ
1203 2104 1251 2120 -

280 2183 297 2238 ό
324 2176 453 2260 δημότης
475 2175 637 2260 'Aequales
682 2174 918 2259 Πατροκλῆς
939 2173 1141 2260 Ἀτηνεδς
1163 2182 1248 2266 ἐχο-

277 2290 388 2371 pairac
404 2288 469 2352 καὶ
491 2285 748 2368 Παντακλῆς,·
772 2308 867 2372 quern
891 2285 1051 2350 ex'veteri
1066 2285 1247 2355 Didascalia

278 2412 463 2483 excerptum,
480 2418 547 2460 esse
561 2376 761 2488 perspicuum
778 2410 840 2460 est:
865 2392 921 2458 sed
936 2394 999 2459 iam
1012 2396 1119 2461 malim
1137 2398 1248 2467 locum
1289 2398 1292 2402 ’

278 2521 462 2598 corruptum
478 2503 674 2591 existimare,
688 2504 776 2593 quod
787 2504 863 2569 fecit
873 2503 1047 2569 Moineltius
1058 2505 1091 2569 in
1104 2509 1146 2573 H.
1160 2509 1193 2575 C.
1210 2510 1248 2578 C.

275 2637 349 2703 pag.
367 2615 407 2696 6,
427 2615 513 2678 cuius
528 2630 634 2680 tamen
650 2614 731 2679 ratio
747 2610 873 2675 videtur
888 2612 1048 2700 aliquanto
1065 2615 1229 2686 audacior.

279 2755 284 2766 ·
319 2724 424 2811 Atque
445 2725 491 2788 sic
514 2746 606 2813 aegre
626 2718 816 2808 aliquamdiu
826 2738 918 2814 ⁴vetus
934 2724 1035 2788 honos
1050 2725 1163 2793 tabulis
1177 2753 1243 2796 ser·

274 2846 366 2896 vatus
390 2830 527 2898 videtur.
573 2826 637 2893 Sed
660 2850 735 2892 mox
757 2827 805 2891 his
831 2829 924 2898 etiam
940 2831 1160 2902 deficientibus
1177 2863 1245 2906 non

149 3008 150 3015 ρ
268 2941 365 3029 magis
390 2942 505 3030 opinor
527 2938 635 3026 inopia
655 2934 788 3019 civium,
824 2959 918 3024 quam
937 2941 1016 3030 reip.
1039 2933 1060 3006 'a
1080 2942 1243 3034 Spartanis

272 3072 439 3138 oppressae
472 3047 721 3131 calamitatibus,
748 3063 852 3112 actum
872 3043 940 3114 'fuit
964 3051 1056 3117 simul
1077 3053 1117 3118 de
1138 3054 1241 3124 libera

271 3160 510 3224 Atheniensium
535 3182 603 3248 rep.
626 3156 727 3246 deque
751 3157 945 3244 Comoedia,
970 3162 1093 3249 qualem
1119 3162 1241 3232 habue-

144 3328 146 3331 ,
269 3287 340 3336 rant
356 3270 458 3334 liberi.
488 3268 659 3335 Audiamus
674 3270 788 3334 iterum
804 3269 962 3335 eruditum
978 3268 1238 3363 Grammaticnm,

267 3380 448 3473 Platonium
462 3404 536 3470 pag.
553 3403 658 3445 xxxiv.
683 3385 745 3448 τῶν
763 3385 821 3465 γὰρ
839 3385 1032 3471 χορηγῶνμὴ
1050 3407 1237 3468 χειροτονου·

268 3492 371 3573 μένων
395 3494 447 3558 καὶ
468 3497 530 3558 τῶν
553 3495 700 3577 χορευτῶν
718 3493 774 3556 οὐκ
795 3495 926 3577 ἐχόντων
945 3494 1000 3567 τὰς
1020 3498 1131 3577 τροφὰς
1146 3500 1237 3575 dmg.

269 3604 365 3690 χρέθη
388 3613 448 3685 τῆς
464 3604 622 3688 κωμῳδίας
641 3608 680 3669 τά
704 3606 807 3689 χορικὰ
822 3604 899 3688 μέλη
916 3605 969 3668 καὶ
985 3608 1048 3672 τῶν
1065 3608 1237 3676 ὑποθέσεων

271 3728 288 3776 ο
309 3719 417 3797 τρόπος
434 3717 616 3802 μετεβλήθη.
661 3713 789 3778 Vicerat
812 3713 964 3779 Cinesias:
982 3716 1167 3783 Aristoteles
1182 3742 1234 3807 ap.

270 3821 379 3887 Schol.
414 3820 454 3887 ad
481 3825 560 3887 Rau.
588 3847 634 3890 rs.
659 3825 734 3901 406.
772 3830 868 3912 χρόνῳ
887 3826 927 3892 ’δὲ
950 3828 985 3894 οὐ
1006 3827 1237 3916 πολδςῖῦςερον

145 3964 150 3974 =
191 3943 193 3948 '
270 3934 416 4010 καθάπαξ
435 3931 520 4020 (nam
544 3925 590 3996 ¹sic
616 3931 678 4021 leg.
710 3955 775 4002 esse
796 3957 856 4022 pro
883 3937 925 4002 δι’
947 3925 984 4003 οὗ
1004 3936 1111 4007 πολλοὶ
1132 3943 1235 4027 θ’ςερον
