2618 4934
631 379 674 442 66

182 588 192 601 “
217 576 284 634 Εἶτ’
305 569 388 642 αὖθις
401 581 562 652 ’Ἕρμιππος
576 583 702 648 ἐποίησεν
721 583 762 638 εἰς
778 579 959 649 Ὑπέρβολον·

214 675 314 725 'Alica
331 672 357 723 't'
378 674 435 741 ἤδη
451 675 552 732 πάντες
568 675 720 743 ἐρείδουσιν
738 676 780 732 εἰς
795 673 990 743 Ὑπέρβολον,

218 767 272 824 Τὰς
290 765 380 824 εἰκοῦς
396 767 450 816 τῶν
467 766 599 834 ἐγχέλεων
617 768 670 818 τῶν
687 766 757 830 ἐμῶν
773 766 944 830 μιμούμενοι.

173 924 252 989 quae
268 903 404 990 asperius
419 902 543 990 scripsit
563 887 687 965 memor
703 914 853 987 acceptae
869 901 1020 983 iniuriae,
1045 922 1144 989 quum

174 1011 359 1093 comoedia,
384 1034 477 1099 quam
500 1033 595 1074 unam
613 1011 756 1075 omnium
770 1011 1016 1098 pulcherrimam
1030 1013 1147 1077 fecisse

172 1145 205 1187 se
228 1124 431 1212 pronuntiat,
455 1119 576 1210 frigidis
597 1111 847 1185 adversariorum
865 1122 946 1186 iocis
959 1139 1038 1187 esset
1053 1138 1143 1211 post·

172 1231 297 1295 habita:

215 1379 391 1449 (ἡγούμενος)
409 1380 517 1446 ταύτην
534 1379 671 1441 σοφώτατ’
687 1380 762 1448 ἔχειν
780 1381 834 1432 τῶν
850 1373 921 1444 ipsiu
937 1381 1101 1450 κωμῳδιῶν,

447 1499 481 1511 -
497 1498 533 1511 -
860 1475 878 1536 ἢ
894 1474 1019 1541 παρέσχε
1036 1492 1083 1537 μον

211 1564 317 1633 ’Ἕρμον
334 1562 463 1622 aristeae,
483 1552 537 1611 εἶτ’
554 1560 708 1631 ἀνεχώρουν
726 1563 775 1612 ὑπ’
790 1561 897 1632 ἀνδρῶν
915 1564 1050 1631 φορτικῶν

214 1653 374 1719 ‘Heraean
391 1651 439 1701 oda
458 1649 529 1708 ἄξιος
546 1650 592 1704 ὅν.
642 1673 643 1677 ’

167 1808 246 1877 ibid.
267 1833 315 1876 vs.
342 1807 416 1874 522.
436 1831 506 1895 sqq.
553 1802 704 1871 Similiter
722 1809 757 1870 in
776 1806 927 1872 Parabasi
947 1812 1094 1899 Anagyrt'
1107 1815 1141 1876 io

168 1918 299 1982 Bekkeri
314 1918 436 1981 Anecd.
458 1918 514 1981 Gr.
529 1917 556 1981 l.
574 1941 608 2004 p.
629 1915 711 1999 425,
728 1916 780 1981 30.

260 2067 311 2117 ’En
330 2067 364 2117 δὲ
380 2045 431 2132 4τῆς
449 2068 512 2132 ἐμῆς
529 2067 662 2134 χλανίδος
679 2076 755 2138 τρεῖς
771 2034 929 2151 deniq—pidet
943 2036 1044 2132 νωνῶν,

815 2150 823 2181 ,
845 2152 848 2161 .

170 2224 276 2315 lepida
298 2224 484 2312 metaphora
499 2239 589 2288 notat
611 2224 767 2289 aemulum
785 2231 931 2313 poitam,
955 2226 1008 2313 qui
1022 2248 1060 2290 ex
1074 2242 1138 2292 una

115 2330 119 2337 ’
169 2331 336 2398 comoedia
351 2355 407 2396 sua
422 2349 485 2395 tres
500 2331 620 2396 fabulas
636 2333 895 2423 conglutinasset,
919 2334 973 2398 ubi
991 2335 1139 2428 Bergltius

168 2443 309 2533 speciose
335 2442 512 2529 auspicatur
538 2442 727 2530 Eupolidem
752 2444 939 2532 perstringi,
972 2445 1140 2510 immemor

169 2554 262 2618 amici
271 2552 297 2615 F
299 2552 453 2634 ritzscbii,
466 2553 518 2638 qui
530 2551 616 2617 idem
625 2553 743 2617 dudum
759 2555 940 2618 coniecerat
950 2554 984 2617 in
999 2555 1141 2642 Quaestt.

105 2694 107 2701 ¹
167 2671 268 2730 Arist.
292 2686 366 2751 pag.
396 2666 467 2742 144.

204 2772 347 2836 -Possent
362 2772 409 2836 bis
431 2771 521 2861 plura
543 2771 656 2853 adiici,
679 2770 735 2836 sed
750 2774 830 2838 haec
846 2776 910 2839 iam
924 2774 1085 2842 sufficiunt
1101 2774 1140 2842 ad

167 2880 398 2947 ostendendum
423 2882 515 2968 quale
540 2880 718 2971 plagiorum
738 2905 836 2970 genus
858 2885 1011 2974 ingeniosi
1028 2894 1140 2975 poeitae

170 2994 229 3056 sibi
244 3015 310 3056 non
326 2990 458 3057 absurde
478 2993 641 3082 potuerint
655 2993 865 3082 exprobrare,
891 3020 1079 3083 quamquam
1100 3021 1141 3062 ne

168 3105 241 3168 istas
266 3103 392 3193 quidem
418 3103 655 3169 criminationes
683 3104 776 3169 nimis
798 3127 865 3169 ease
887 3104 1058 3196 urgendos,
1083 3105 1140 3171 sed

167 3216 334 3304 plerasque
349 3237 389 3280 ex
404 3215 637 3281 obtrectatione
653 3232 706 3281 aut
722 3216 838 3281 acerba
854 3214 1052 3281 cavillatione
1067 3239 1140 3304 pro·

165 3325 264 3391 sectas
290 3348 372 3408 esse,
397 3349 463 3391 non
485 3341 532 3391 est
560 3325 649 3414 quod
664 3343 775 3392 acutos
789 3327 933 3390 homines
947 3322 1055 3388 multis
1070 3350 1140 3391 mo·

165 3459 306 3502 neamus.
336 3435 419 3502 Fieri
436 3439 556 3525 potuit,
574 3452 610 3499 ut
626 3434 767 3525 lepidum
784 3431 910 3522 aliquod
926 3449 959 3498 et
974 3433 1077 3501 audax
1091 3438 1135 3501 io·

163 3564 292 3612 ventum
305 3549 495 3636 arriperetur
508 3547 547 3611 ab
563 3546 645 3627 aliis,
661 3547 715 3633 qui
727 3545 812 3612 idem
825 3544 859 3610 in
872 3544 936 3609 alio
949 3563 1132 3633 argumento

164 3658 254 3721 novis
280 3656 403 3721 facetiis
431 3672 582 3722 ornarent
601 3654 666 3745 (1),
696 3653 964 3744 quemadmodum
994 3656 1135 3721 inventus

203 3849 245 3918 (1)
266 3850 309 3904 Sic
326 3851 402 3902 etiarn
428 3849 530 3918 Tragici
554 3823 751 3917 nonnumquam
773 3849 857 3900 aliena
879 3848 1054 3901 imitabantur:
1077 3848 1146 3899 cuiue

162 3933 201 3984 rei
221 3932 383 3985 luculentum
409 3931 559 4000 exemplum
581 3934 612 3982 in
634 3942 785 4001 argomento
808 3935 869 3985 satis
883 3932 992 4002 illepido
1007 3933 1068 3986 vide
1082 3929 1144 4002 apud

163 4016 258 4069 Athen.
277 4016 309 4068 X.
326 4034 386 4084 pag.
403 4014 463 4066 454·
482 4013 548 4064 B-F.
