2618 4934
510 377 572 443 tto

209 581 255 635 ςΗ
270 583 334 648 δῆτ’
349 577 586 651 ἀπαιδευτότορος
603 571 630 632 ολ
650 579 802 634 notumne

213 673 269 725 Τοῦ
287 671 437 732 Μελιτέως.

52 782 177 850 Eodem
199 803 316 872 genere
337 778 430 843 Plato
452 781 486 849 έν
506 781 600 863 Λαΐῳ
620 777 701 844 ibid.

551 884 604 954 οὐχ
621 883 684 956 ὁρᾷς
700 885 745 936 dre

216 979 372 1046 Φιλωνίδην
388 992 441 1030 που
457 977 572 1030 τέτοκεν
588 977 606 1044 ν)
622 978 713 1046 pomp
731 975 791 1029 ὄνον

217 1070 272 1122 Τὸν
288 1068 416 1121 Μελιτέα
433 1066 498 1119 κούκ
515 1067 627 1120 ἔπαθον
644 1066 738 1119 οὐδέν.

55 1176 113 1245 sed
127 1174 387 1240 luculentissimus
403 1169 493 1235 locus
509 1187 555 1236 cst
570 1169 711 1237 eiusdem
724 1170 865 1258 fabulae,
887 1190 1025 1243 servatus

57 1289 98 1355 ab
114 1288 279 1352 Athenaeo
294 1284 337 1350 11.
354 1305 428 1371 pag.
447 1281 500 1347 68.
517 1283 555 1348 C.
571 1281 704 1351 Πλάτων
725 1288 827 1371 Λαΐῳ·

620 1407 671 1474 οὐχ
689 1406 750 1477 δρᾷς
767 1408 809 1460 ὅτι

182 1499 215 1552 ‘0
232 1495 283 1563 μέν
298 1497 443 1569 Λέαγρος,
460 1493 489 1547 Γ
487 1494 622 1557 ludenrot
638 1495 673 1549 ὂν
689 1492 810 1565 μἰγάλοα
826 1502 922 1569 γένος,

183 1589 438 1659 ’.ἀβελτεροκόκκυξ
455 1587 566 1654 dmm
581 1589 759 1658 περιέρχεται

183 1681 289 1734 tonost
307 1680 426 1738 πέπονος
443 1677 589 1746 εὐνουχίου
607 1681 710 1744 κνήμας
725 1680 805 1748 ἔχων.
923 1684 926 1689 “

58 1789 116 1855 ubi
137 1787 248 1852 nescio
267 1785 336 1872 quis
351 1808 370 1851 e
385 1783 452 1849 Laii
467 1783 586 1848 familia
601 1806 697 1871 quam
711 1785 789 1850 nihil
803 1803 968 1857 stemmata
982 1794 1029 1859 fa.

61 1900 149 1964 ciant
170 1896 234 1960 hoc
255 1894 401 1984 exemplo
423 1890 590 1957 ostendeus
610 1893 830 1962 inducebatur.

108 2007 208 2072 Laius
232 2020 337 2069 autern
360 2001 421 2066 luit
442 2025 461 2066 e
479 2001 710 2068 recentioribus
734 2003 876 2073 Platonis
897 1989 1051 2100 λιιέιιιΙὶκ,ι

60 2131 133 2201 acta
153 2114 239 2179 circa
265 2110 350 2177 idern
370 2125 495 2201 tempus
515 2132 579 2200 quo
600 2114 736 2201 repetita
750 2115 839 2203 Pluti
852 2117 969 2206 editio,
993 2141 1032 2191 et

59 2224 184 2291 fabulae
200 2222 406 2303 Nicocharis,
422 2220 562 2311 Philyllii
577 2239 610 2288 et
623 2222 843 2316 Theopompi,
866 2230 901 2294 iu
918 2235 1032 2320 quibus

63 2335 208 2402 omnibus
230 2334 355 2421 ineptus
377 2331 435 2395 iste
449 2329 650 2413 Philonides,
675 2333 730 2418 qui
746 2333 876 2400 Laidem
890 2347 1033 2410 meretri.

63 2469 134 2513 cem
158 2436 303 2523 amabat,
328 2439 469 2505 ludibrio
495 2436 558 2501 fuit
581 2438 725 2505 habitus:
762 2440 829 2506 vid.
857 2444 966 2514 Sehol.
992 2454 1032 2518 ad

64 2557 149 2623 Plut.
175 2576 222 2620 vs.
243 2574 315 2641 179.
336 2566 369 2616 et
384 2548 428 2614 cf.
448 2547 589 2613 Clinton.
605 2548 639 2612 iu
654 2551 745 2614 cht.
761 2551 845 2618 Heu.
862 2576 935 2646 pag.
955 2580 1031 2650 277,

65 2667 186 2754 Krueg.
232 2664 270 2728 In
294 2657 514 2727 constituenda
533 2659 633 2723 iocosi
649 2659 816 2748 fragmenti
831 2661 968 2735 lectione
983 2695 1032 2739 re·

65 2777 137 2863 cepi
150 2796 198 2841 vs.
219 2796 251 2840 a.
267 2771 427 2862 egregiam
441 2768 591 2834 Meinelrii
608 2770 824 2837 coniecturam
837 2779 928 2859 ὁμέν
948 2785 1034 2851 Ala.

65 2911 137 2972 ypoe
161 2906 221 2972 pro
246 2882 332 2972 vulg.
357 2880 586 2964 όΜελέαγρος,
612 2881 808 2970 propositam
831 2885 865 2950 in
888 2890 1031 2979 Quaem,

65 2997 156 3062 Scan.
175 2993 215 3058 11.
232 3014 305 3080 pag.
328 2991 377 3057 18.
394 3006 462 3056 tum
477 2990 511 3054 iu
526 2991 569 3054 H.
587 2989 623 3056 C.
640 2990 674 3056 C.
691 3013 764 3081 pag.
780 3001 852 3083 174.
871 3014 903 3064 et
917 3001 1035 3073 benaa

63 3102 233 3170 Diodorfio
260 3117 432 3190 receptam.
478 3099 534 3165 Vs.
563 3098 594 3165 3.
624 3123 720 3189 quum
746 3103 778 3168 iu
800 3106 888 3174 libris
907 3115 1032 3181 nonnisi

28 3285 35 3295 ,
66 3217 179 3295 κόκκυξ
205 3213 380 3304 legeretur,
396 3208 521 3275 dudum
545 3209 708 3300 perlegens
728 3211 898 3302 Phrynichi
914 3224 1036 3312 Propa-

69 3348 152 3390 rusc.
168 3324 262 3412 Sopd.
280 3345 377 3411 quum
395 3318 574 3384 incidissem
593 3343 666 3410 pag.
686 3343 739 3408 27.
758 3323 791 3388 iu
806 3325 890 3392 huuc
904 3329 1011 3398 locum
1023 3358 1041 3401 t·

66 3433 356 3522 Ἀβιλτεροκόκκυξ.
373 3431 532 3521 ἀβέλτερος
546 3433 598 3496 καλ
617 3435 718 3515 κενός,
741 3431 882 3501 Platonis
896 3433 962 3506 esse
978 3454 1045 3511 vo.¹
1069 3445 1075 3453 ’

72 3542 220 3611 cabulum
236 3565 275 3607 ex
289 3542 353 3607 hoc
367 3542 437 3630 ipso
454 3540 528 3606 loco
544 3539 735 3629 descriptum
749 3547 919 3632 suspicatus
934 3574 1036 3643 eram,

55 3677 167 3743 ‘quum
192 3650 259 3717 vidi
277 3674 346 3716 eam
369 3652 584 3743 coniecturam
607 3673 761 3717 consensu
776 3655 898 3745 Bergkii
917 3661 1032 3736 Comm.

69 3787 141 3855 pag.
165 3768 242 3843 400.
264 3761 388 3851 egregie
407 3760 624 3826 confirmatam
638 3759 694 3848 (1).
739 3763 872 3855 Reliqua
885 3770 961 3837 Lati
974 3775 1036 3845 fra.

103 4008 147 4078 (1)
168 4005 242 4061 Ratio
262 4003 421 4072 corruptelas
442 3979 587 4076 lupromtu
604 4019 651 4063 est.
685 4009 785 4084 llsmpe
800 4013 897 4072 librarii
912 4020 1038 4091 syllabas,
