2618 4934
640 337 683 401 90
717 374 719 385 .

172 543 229 608 ubi
251 537 418 632 perstringi
446 538 591 628 aequales
618 539 760 605 comicos
784 547 895 628 poetas
921 559 1011 609 recte
1034 567 1147 616 monet

172 652 364 717 Scholiasta:
389 658 507 719 ποιοῦσι
531 653 563 718 δὲ
586 655 639 719 τὸν
665 651 824 736 Ἡρακλέα
847 658 899 719 τοῦ
919 654 1041 734 γελοίαν
1060 666 1149 746 χάριν

172 764 356 848 νενλημίνον
385 768 425 840 είς
458 766 582 832 δεῖπνον
605 765 658 829 ναί
684 764 920 851 δυσχεραίνοντα
943 768 995 833 διὰ
1018 774 1052 835 τὸ
1071 777 1149 859 βρα-

173 875 247 950 ιλίοοο
264 876 348 960 αὐτῷ
372 875 580 962 παρατιθέναι
599 873 784 962 (atonem)
806 879 845 941 τιί
869 880 955 960 ὄψον
983 878 1148 947 sedidem

160 1004 274 1072 neque
296 987 527 1065 ἐξαπατώμενος
553 999 640 1049 recte
665 985 833 1074 explicuit,
861 986 918 1052 sed
941 992 1149 1076 proverbium

170 1095 326 1182 Ἡρακλῆς
340 1097 489 1173 ξενίζεται
506 1096 641 1175 Lysistr.
659 1117 736 1184 927.
760 1097 794 1161 iu
816 1097 923 1163 auimo
938 1099 1084 1166 habuisse
1099 1104 1147 1167 vi·

170 1204 278 1289 detur,
295 1228 398 1293 neque
411 1203 490 1270 vidit
505 1203 631 1271 fabulae
642 1227 753 1271 recens
767 1222 856 1273 actae
871 1207 1034 1297 illepidum
1050 1235 1132 1301 argu
1138 1250 1148 1261 ιι

171 1330 312 1379 mentum
331 1313 440 1380 rideri.
470 1315 508 1378 In
528 1313 742 1402 superioribus
760 1333 833 1403 pag.
851 1313 906 1394 45.
923 1334 969 1405 sq.
990 1321 1150 1387 nonnulla
1179 1374 1182 1379 .

169 1423 305 1489 diximus
331 1423 372 1491 de
395 1426 444 1491 his
469 1425 677 1515 argumentis,
700 1425 860 1512 inquibus
876 1427 1029 1493 Hercules
1044 1430 1147 1497 multa

169 1537 324 1602 iocularia
338 1537 456 1604 faciens
470 1537 589 1626 primas
605 1537 735 1626 agebat:
761 1558 841 1624 quae
856 1559 952 1624 quum
970 1560 1025 1604 sua
1040 1556 1146 1607 aetate

169 1648 304 1714 multum
319 1647 495 1732 ferverent,
509 1649 571 1713 suis
585 1647 756 1737 praeclaris
770 1648 904 1713 inventis
920 1651 1057 1738 turpiter
1067 1671 1146 1717 con·

170 1761 297 1826 tiouisse
321 1760 476 1849 gloriatur
502 1758 729 1843 Aristophanes
751 1757 786 1820 iu
804 1759 883 1824 Pac.
908 1783 953 1824 vs.
970 1765 1049 1849 741.
1066 1784 1145 1849 quos

168 1890 274 1933 versus
301 1882 374 1931 ante
401 1867 611 1954 apposuimus.
669 1864 754 1926 Hinc
783 1881 904 1931 certum
935 1885 982 1934 est
1008 1871 1042 1934 in
1067 1870 1144 1939 loeo

169 1977 206 2040 V
199 1997 343 2063 ceparum
359 1969 535 2037 istiusmodi
554 1971 644 2033 iocos
663 1970 807 2058 ineptos,
824 1990 902 2057 quos
923 1983 1019 2062 poeta
1034 2003 1145 2048 aemu-

166 2085 215 2151 lus
228 2082 317 2149 brevi
332 2096 405 2144 ante
419 2080 551 2159 luserat,
576 2100 686 2166 aspere
700 2078 815 2143 notari.
848 2079 1017 2147 Induxerat
1033 2105 1145 2157 autem

165 2195 221 2259 ille
235 2190 424 2272 Herculem,
442 2189 496 2276 qui
511 2211 612 2253 coena
626 2185 717 2253 aride
734 2204 914 2277 exspectata
928 2214 986 2279 per
998 2193 1146 2265 fallacias

164 2301 379 2369 fraudaretur:
404 2300 564 2366 namhoc
593 2315 661 2364 erat
690 2304 724 2365 τὸ
749 2301 875 2369 δεῖπνον
904 2305 1144 2380 {taceremne

164 2411 253 2502 quod
288 2410 398 2477 iocose
435 2411 709 2498 παραδειπνεῒοθαι
739 2407 888 2476 dicebant
917 2415 1035 2498 Attici,
1070 2419 1141 2489 vid.

163 2526 283 2590 Athen.
299 2523 340 2586 X.
359 2546 394 2612 p.
412 2521 489 2600 423.
527 2523 570 2589 A.
585 2522 690 2608 Atque
704 2521 808 2608 ipsum
823 2521 901 2587 illud
919 2543 1144 2615 argumentum

163 2635 198 2699 iu
218 2630 359 2695 Platonis
386 2631 510 2710 tabula,
530 2653 611 2716 quae
631 2634 708 2704 Ζιιλε
729 2638 924 2714 Καιοιίριενος
943 2635 1137 2722 vocabatur,

162 2740 338 2806 exhibitum
359 2761 426 2807 esse
445 2735 558 2801 videor
581 2740 659 2802 mihi
682 2762 701 2804 e
717 2738 901 2829 fragmentis
916 2743 1000 2809 clare
1016 2749 1140 2838 perspi·

163 2871 254 2917 cere:
279 2847 509 2936 quamobrem,
532 2845 559 2910 si
582 2845 646 2911 hoc
668 2848 811 2932 evicero,
828 2875 894 2917 non
909 2853 1016 2941 inepte
1032 2855 1140 2925 Plato·

164 2983 239 3025 nem
254 2959 288 3025 iu
302 2959 415 3046 Vespis
429 2953 520 3021 illudi
536 2955 695 3023 conficere
710 2958 828 3041 licebit.

206 3070 379 3158 Apponsm
404 3067 499 3157 igitur
524 3065 616 3132 locos
644 3067 788 3150 fabulae,
805 3069 889 3136 uude
906 3090 956 3138 res
972 3092 1136 3162 appareat.

165 3183 295 3247 Attheu.
316 3176 389 3246 XV.
414 3201 449 3270 p.
473 3177 550 3245 666.
568 3176 610 3245 D.
628 3180 763 3249 Πλάτων
779 3182 807 3248 d'
820 3187 855 3250 ίν
877 3186 930 3249 Διί
950 3180 1139 3274 Κανουριίνρ

163 3294 291 3369 aaaron
311 3287 391 3367 εἶδον
407 3291 567 3376 παροίνιον
585 3295 639 3359 τὸν
660 3297 811 3381 κότταβον
835 3287 915 3360 εἶναι
935 3297 1135 3384 ἀποδίδωσιν,

163 3395 248 3492 ispi
281 3404 456 3481 ίξίςοιντο
489 3404 555 3468 sol
589 3409 663 3470 τῶν
698 3405 909 3488 ονιναρίιον
940 3411 976 3474 οἱ
1004 3409 1134 3479 duoss-
1165 3414 1168 3423 '

162 3521 338 3605 βοῦντεο·
358 3514 442 3596 λίνει
462 3515 491 3581 δ’
514 3517 619 3589 οὕτως·

268 3704 344 3774 Πρὸς
361 3704 503 3768 κότταβον
520 3707 646 3771 παίζειν,
666 3701 713 3760 ἕως
726 3703 759 3756 ἃν
774 3705 845 3773 σφῷν
864 3705 916 3772 ἐγώ

272 3794 311 3843 Τὸ
332 3795 448 3856 δεῖπνον
466 3793 548 3845 ἔνδον
567 3794 704 3857 σκευάσω,
723 3795 796 3846 πάνυ
818 3796 965 3861 βούλομαι.

270 3890 287 3924 *
301 3882 386 3932 Ἀλλ’
403 3881 503 3946 dum
517 3882 619 3942 ίςέλονς
637 3880 726 3936 tutor
742 3892 809 3942 παῖς
826 3886 901 3944 τεόν.

273 3972 344 4042 Olpe
362 3976 416 4036 τὴν
430 3974 553 4035 θυείαν,
573 3966 632 4042 αἶρ’
648 3974 741 4042 ὕδωρ,
759 3978 877 4042 ποτήρια
