2618 4934
656 373 676 435 3

172 575 262 665 plebi
288 572 411 662 quidvis
433 572 475 638 de
500 573 610 661 quovis
631 574 831 662 optimatium
855 576 985 666 impune
1005 579 1135 649 iactare.

170 685 282 772 Itaque
297 684 332 748 in
347 682 490 749 familiari
505 703 651 747 sermone
665 681 678 771 (
683 682 728 771 1),
745 683 777 747 in
794 686 1018 771 concionibus,
1040 689 1076 756 in
1089 691 1137 758 le·

170 784 296 860 'storum
311 794 446 858 maxime
460 793 616 858 hilaritate
627 792 833 859 assucfiebant
844 795 1062 865 maledicendo
1072 801 1136 890 ple·

134 971 139 978 ,
169 904 305 970 beculae
323 904 448 968 Atticae
468 903 612 992 ingenia,
636 902 812 993 Optimates
834 916 946 970 contra
961 921 994 972 et
1010 930 1133 995 omnes,

170 1015 229 1103 qui
241 1014 386 1079 fortunae
400 1011 528 1077 dotibus
543 1027 596 1076 aut
610 1013 727 1102 ingenii
743 1014 956 1099 excellebant,
970 1016 1135 1086 lascivien-

168 1125 209 1190 tis
223 1124 332 1214 populi
347 1139 380 1188 ct
395 1125 441 1188 sic
457 1120 584 1188 demum
601 1115 724 1186 firmam
738 1123 916 1190 libertatem
932 1127 1135 1195 existimantis

166 1233 335 1300 mordaces
354 1237 445 1298 iocos
467 1233 550 1297 ferre
573 1233 679 1320 aequis
694 1234 805 1298 animis
819 1249 851 1299 et
866 1232 1070 1304 contemnere
1085 1239 1133 1305 di-

166 1344 310 1411 scebant.
363 1345 468 1430 Atque
494 1363 533 1407 ex
561 1342 609 1406 his
639 1342 735 1408 initiis
762 1345 918 1411 succrevit
944 1348 1131 1432 comoedia,

168 1453 688 1543 auctore.imp1imisGratino,qui
702 1455 821 1542 primm
834 1455 1001 1543 populares
1012 1457 1135 1546 opinio·

164 1587 240 1648 nes,
256 1562 303 1629 *ad
327 1565 392 1630 hoc
410 1585 508 1651 usque
522 1578 647 1651 tempus
660 1577 780 1628 temere
793 1586 852 1653 per
865 1564 975 1655 'vulgus
989 1588 1131 1654 sparsas,

130 1709 132 1712 >
165 1675 330 1765 ingeniose
346 1675 380 1737 in
400 1687 585 1763 argumenta
599 1672 721 1738 comica
736 1672 883 1763 illigavit,
905 1689 938 1738 ct
952 1675 1133 1741 veluti-ani·

168 1800 272 1854 matus
292 1784 328 1846 in
351 1805 475 1848 scenam
498 1780 670 1878 procinxit,
701 1780 827 1847 easdem
850 1782 931 1848 iocis
952 1783 1135 1877 facetiisque

109 1896 113 1901 ’
179 1892 403 1958 iucundissimis
418 1892 611 1981 conspersit,
627 1890 778 1981 expolivit
792 1891 920 1957 dicendi
936 1891 1090 1984 elegantia
1104 1910 1138 1961 et

170 1993 315 2093 poeticae
334 2003 499 2069 veneribus
515 1997 547 2067 et
560 2003 729 2067 luminibus
743 2001 926 2085 illustravit,
952 2018 1136 2093 tantumque

168 2113 243 2178 tulit
267 2113 308 2178 ab
330 2112 475 2177 omnibus
493 2112 652 2203 plausum,
676 2127 792 2176 utnon
807 2111 910 2177 solum
925 2111 1137 2180 festivissimus

168 2230 286 2314 poeta,
317 2221 371 2286 sed
398 2223 493 2287 etiam
520 2222 672 2287 libertatis
700 2221 825 2287 Atticae
853 2221 1000 2287 adversus
1024 2206 1149 2312 poten·¹

166 2333 289 2398 tiorum
304 2330 416 2396 fastum
431 2346 465 2396 et
480 2331 708 2420 arrogantiam,
732 2330 823 2393 sicuti
838 2332 1023 2416 putabatur,
1049 2354 1136 2399 acer·

168 2443 268 2510 rimus
293 2440 408 2507 vindex
430 2437 598 2506 videretur.
642 2437 748 2522 Atque
765 2438 845 2501 haec
866 2437 993 2524 quidem
1007 2431 1134 2526 omnia,

167 2575 250 2642 quae
272 2551 454 2616 Atticorum
475 2547 620 2639 ingeniis
636 2542 815 2634 dignissima
839 2561 928 2626 sunt,
953 2568 992 2610 ex
1016 2547 1136 2616 Cratini

167 2662 349 2750 fragmentis
375 2676 408 2725 et
428 2659 561 2723 historia
580 2655 687 2720 Attica
700 2654 876 2720 luculenter
891 2653 1133 2742 confirmantur,

167 2793 270 2859 neque
292 2792 373 2859 opus
391 2781 438 2832 est
460 2765 563 2830 multis
577 2766 610 2829 in
625 2788 679 2849 re,
704 2788 784 2854 quae
799 2763 895 2852 hodie
910 2764 1135 2832 eruditissimo·

168 2902 241 2946 rum
253 2881 392 2945 virorum
407 2874 512 2942 studio
528 2876 700 2941 certissima
714 2891 772 2942 est.
818 2874 894 2942 vid.
911 2875 1085 2941 Meinelnius
1099 2879 1135 2945 in

165 2991 253 3056 Har.
275 2989 352 3055 Crit.
371 2987 455 3055 Com.
472 2987 590 3054 Gmec.'
602 3010 637 3076 p.
652 2991 707 3073 49.
720 3009 788 3075 sqqs
802 3002 835 3052 et
845 2983 970 3053 Theod.
984 2985 1134 3078 Bngtim

163 3101 199 3165 in
224 3097 406 3165 Commenta
431 3098 470 3162 de
484 3097 585 3188 ttetq.
603 3097 690 3164 Com.
706 3099 776 3163 Att.
791 3099 952 3187 Antiquae
965 3086 1076 3164 ¹statim
1092 3099 1143 3177 ab¹

165 3210 269 3276 initio.

209 3321 322 3386 Faetus
349 3335 455 3386 antem
486 3320 570 3384 aura
585 3319 731 3409 populari
757 3319 859 3386 audax
885 3319 986 3385 Posita
1012 3315 1133 3382 nemini

164 3430 328 3519 pepercit:
359 3431 394 3494 in
420 3427 683 3519 reprehendendo
697 3445 743 3495 et
767 3427 931 3496 irridendo
960 3426 1130 3495 acerrimus

165 3532 317 3626 quidquid
332 3555 395 3604 aut
417 3541 453 3605 in
482 3541 562 3629 reip.
592 3539 864 3606 administratione
889 3555 943 3605 aut
968 3539 1002 3622 in
1015 3538 1132 3629 singu·

163 3648 272 3714 lorum
281 3715 284 3719 ,
294 3650 358 3712 vita
378 3673 417 3715 ac
438 3651 579 3718 moribus
592 3650 758 3717 videbatur
771 3648 913 3740 ineptum
928 3664 960 3715 et
975 3661 1131 3738 pravum,

194 3907 237 3978 (1)
257 3868 355 3979 Operae
378 3905 492 3978 pretinm
514 3915 552 3959 est
572 3901 688 3958 conferre
712 3900 891 3973 Xenophontis
914 3904 1022 3957 Cannio.
1040 3902 1073 3957 ll.
1088 3903 1132 3957 ss.

162 3993 271 4046 tlt-11.
324 4018 327 4027 ·
