2618 4934
191 2718 195 2722 -
272 2700 347 2767 pag.
373 2676 449 2756 348.

740 380 784 446 60

329 588 412 657 Nam
429 585 605 676 quomodo,
630 607 766 673 quaeso,
791 584 916 649 Atticae
932 581 1082 648 dictionis
1097 583 1253 674 elegantia

285 686 323 766 et
344 702 445 782 nitor,
479 720 541 787 quo
563 713 710 786 tempore
736 693 873 760 maxime
896 692 1019 777 floruit,
1043 694 1108 783 labi
1130 712 1162 761 et
1180 718 1254 761 cor·

284 812 388 899 rumpi
415 811 519 900 potuit
544 810 578 872 in
600 809 649 871 his
672 807 747 895 ipsis
770 807 888 895 poetis,
919 806 1032 892 quihus
1058 803 1161 870 studio
1181 822 1253 871 erat

283 921 530 1009 pulcherrimum
545 940 724 985 sermonem
740 917 880 981 Atticum
895 915 936 979 ab
953 916 1041 980 omni
1055 915 1128 981 labe
1142 916 1249 982 incor-

280 1026 411 1119 ruptum
432 1053 575 1110 servare,
605 1028 720 1117 quique
740 1026 790 1091 rel
809 1026 903 1116 paulo
925 1027 1075 1091 rusticius.
1085 1041 1138 1091 aut
1152 1027 1250 1116 negli·

279 1141 405 1230 gentius
419 1141 583 1228 loquentes
597 1139 705 1202 iocose
720 1135 911 1219 irridebant,
924 1135 1093 1226 plaudente
1107 1137 1250 1227 populo,

252 1248 259 1258 ⁸
283 1251 337 1338 qui
361 1250 493 1316 florente
513 1272 582 1337 rep.
604 1233 704 1313 recta
716 1263 760 1318 et¹
772 1248 907 1312 suaviter
927 1247 1087 1334 loquendo
1107 1247 1253 1313 Graecos

282 1358 393 1425 omnes
413 1359 596 1448 superabat,
627 1380 726 1444 eaque
747 1355 841 1422 laude
855 1358 921 1431 sibi,
939 1346 1063 1447 egregie
1077 1357 1251 1446 placebat?

280 1467 448 1534 Platonem
467 1467 532 1534 tion
549 1469 665 1551 minus,
687 1490 781 1556 quam
800 1484 922 1532 ceteros
937 1474 1046 1556 poetas
1059 1467 1092 1531 id
1110 1469 1169 1535 sibi
1183 1483 1250 1533 stu·

278 1577 335 1657 dio
355 1581 497 1645 habuisse
512 1579 563 1644 rel
580 1602 618 1644 ex
632 1580 757 1667 paucis,
781 1601 861 1666 quae
875 1558 1041 1661 habemus,
1063 1580 1250 1668 fragmentis

211 1774 212 1779 ἵ
278 1686 641 1753 luculenterconlicitur.
667 1687 876 1776 Cleophontis
886 1702 1018 1751 matrem
1030 1687 1164 1753 barbare
1173 1712 1250 1756 cum

277 1797 345 1865 filio
359 1799 542 1886 loquentem
556 1799 590 1863 in
606 1821 732 1863 scenam
746 1796 879 1879 induxit,
895 1796 1002 1861 Schol.
1012 1795 1061 1863 ¹ad
1071 1799 1153 1864 Rau.
1169 1798 1248 1885 690.

278 1907 488 1994 Exprobrarit
513 1906 733 1995 Hyperbolo,
751 1904 837 1993 quod
859 1907 969 2000 minus
983 1908 1087 1973 Attice
1106 1906 1249 1992 diceret,

277 2037 330 2104 ap.
355 2015 531 2081 Herodian.
555 2021 623 2101 περὶ
642 2024 748 2102 portio.
771 2016 832 2094 λέξ.
855 2040 928 2108 pag.
942 2036 1005 2101 no.

352 2183 353 2187 ¹
436 2189 470 2240 ‘0
488 2190 516 2242 δ’
533 2185 565 2240 od
582 2190 634 2262 γὰρ
650 2190 808 2259 malatera,
828 2176 848 2240 ai
865 2189 969 2262 Μοῖραι
985 2189 1079 2252 pilae!

275 2345 392 2430 credo,
416 2362 452 2411 ut
469 2346 603 2412 alterum
620 2348 793 2432 llnracem,
819 2348 951 2413 alterum
972 2347 1095 2436 Lydum
1110 2370 1176 2414 esse
1192 2372 1247 2418 ar-

272 2473 394 2547 gueret.
439 2457 528 2523 Idem
549 2457 721 2546 inquilinos
746 2457 868 2523 induxit
886 2458 921 2524 in
937 2461 1101 2535 Μετοίκοις
1113 2460 1247 2528 soloeee

274 2564 433 2650 dicentes,
464 2583 500 2636 ut
521 2567 636 2632 confici
658 2583 765 2657 potest
782 2592 823 2634 ex
845 2547 996 2658 Apollon.
1014 2573 1082 2657 aspi
1102 2570 1245 2663 ’Aaron

318 2786 428 2873 Itaque
455 2787 574 2851 etiamsi
604 2786 722 2875 aliquid
745 2789 787 2868 in,
804 2789 1089 2856 Grammaticorum
1118 2795 1245 2882 seriptis

272 2895 466 2984 reperiatur,
479 2886 485 2896 “
498 2894 585 2983 quod
611 2920 676 2962 non
700 2898 782 2964 bene
804 2899 911 2964 Attice
935 2898 1056 2967 dictum
1080 2926 1147 2970 esse
1165 2928 1247 2997 cpn·

272 3019 351 3087 stet,
379 3004 522 3070 nondum
546 3005 578 3069 id
601 3008 812 3098 arripiendum
832 3030 964 3092 censeo,
988 3028 1025 3077 ut
1043 3014 1145 3102 ipsum
1162 3021 1245 3101 poe·

270 3131 336 3180 tam
362 3115 483 3203 lapsum
506 3139 570 3181 esse
595 3117 807 3184 ostendamus.
853 3118 962 3184 Potuit
986 3145 1004 3187 e
1025 3121 1149 3187 barbari
1163 3143 1242 3209 per-

272 3247 350 3291 sona
378 3224 515 3309 dicere,
530 3227 616 3314 quod
640 3228 707 3317 ipse
730 3226 904 3295 Meinekius
923 3231 1039 3296 latetur
1057 3233 1091 3315 in
1106 3231 1244 3300 vocibus

271 3341 381 3424 ᾀρμός,
402 3343 572 3422 ,πρόσωπος
603 3338 650 3426 (ut
682 3338 878 3405 notissimum
908 3339 1040 3430 caedier)
1069 3342 1149 3421 γάλα
1176 3366 1241 3431 pro

270 3449 438 3533 γάλακτος,
462 3454 588 3533 {pocula
613 3464 645 3515 et
666 3449 756 3531 sim.;
780 3433 886 3538 potuit
901 3452 1008 3533 iocose
1023 3453 1057 3517 in
1072 3453 1172 3518 verbo
1189 3455 1239 3520 lu·

272 3557 366 3641 dere,
392 3559 527 3648 denique
541 3561 649 3638 omnia
661 3561 767 3648 potuit
783 3559 918 3646 facilius,
940 3584 1036 3648 wem
1051 3562 1238 3651 imprudens

269 3667 303 3731 in
318 3668 438 3752 fabula,
452 3671 573 3758 populo
588 3670 710 3735 scilicet
725 3663 886 3752 audiente,
901 3672 995 3760 patrii
1009 3675 1164 3739 sermonis
1176 3674 1238 3739 sin-

179 3805 182 3813 ·
266 3777 429 3842 ceritatem
451 3802 665 3868 corrumpere.
714 3780 764 3847 Cf.
789 3781 857 3846 Cic.
882 3783 916 3847 in
941 3783 1034 3850 Orat.
1058 3807 1089 3850 c.
1114 3785 1148 3852 8.

278 3925 281 3941 ·
309 3886 378 3951 Nec
393 3887 527 3952 multum
542 3890 634 3954 aliter
647 3889 845 3956 sentiendum
862 3909 909 3958 est
918 3892 966 3961 ‚de
982 3894 1081 3976 vitiis,
1107 3895 1236 3982 quaein

269 3998 407 4064 numeris
421 4013 453 4064 ct
469 3998 573 4065 modis
585 4022 603 4062 a
615 3999 867 4094 Meinelioibid.
882 4005 1076 4097 commisisse
1086 4007 1237 4099 arguitio,
