2618 4934
716 289 813 397 iao

302 531 400 622 sychii
413 530 539 613 locum,
551 530 611 618 qui
624 524 667 594 ad
679 528 812 596 eandem
829 551 898 596 rem
910 530 1061 619 pertinet,
1075 530 1261 602 emendaret

225 714 228 718 Α
301 643 342 706 in<
354 664 428 708 voc.
443 639 597 726 Σιδάρεοι.
611 643 696 726 παρά
707 640 909 727 Ἀριςοφάνει
926 646 960 710 ἐν
978 641 1151 725 Νεφέλαις,
1167 646 1268 713 Σιδά·

300 777 361 839 ριοι
383 754 469 836 θεοί,
491 755 532 826 ὡς
554 754 588 820 ἐν
611 752 779 836 Βυζαντίῳ
798 754 844 818 ἔτι
864 754 919 818 εἶσί
938 756 972 821 ἐν
995 761 1039 840 τῷ
1061 754 1161 840 λεπτῷ
1179 757 1267 838 νομί-

300 886 409 946 σματι,
430 852 458 950 ᾦ
479 863 590 948 σιδηρῷ
609 863 661 926 ιιαί
686 861 815 948 ἐλαχίςῳ
837 865 967 948 ἐχρῶντο
989 866 1169 942 Βυζάντιοι.
1211 865 1267 930 sic

297 972 455 1039 Musurus.
495 972 540 1035 At
563 968 672 1034 Codex
695 970 807 1036 unicus
831 994 851 1035 a
873 971 1022 1039 Schowio
1047 976 1197 1041 cottana:
1220 977 1267 1042 ἔτι

299 1084 354 1149 εἶσί
376 1084 544 1158 Βυζάντιοι
563 1084 598 1147 ἐν
621 1084 665 1165 τῷ
690 1079 790 1166 λεπτῷ
810 1107 838 1146 ιι.
858 1107 887 1146 τ.
907 1081 937 1147 λ.
981 1083 1074 1150 Unde
1088 1085 1266 1151 rescriben-

298 1190 375 1257 dum
410 1206 474 1256 eat:
510 1191 664 1277 Σιδάρεοι.
700 1190 772 1278 παρ’
807 1190 1007 1279 Ἀριςοῳάνει
1040 1198 1075 1285 ἐν
1107 1193 1268 1280 Νεφέλαις

298 1300 358 1388 (νο
376 1298 465 1388 ²ia)

199 1406 201 1410 ⁸
516 1429 713 1501 Σιδαρίοισιν,
731 1429 820 1501 ὥσπερ
835 1431 864 1486 ἐν
878 1431 1047 1502 Βυζαντίρς

296 1569 362 1634 ἐπεὶ
386 1569 414 1634 oi
437 1567 607 1646 Βυζάντιοι
633 1565 747 1653 λεπτῷΙ
764 1566 811 1656 (ἐν
841 1572 885 1655 τῷ
910 1566 974 1635 del.
1005 1581 1114 1633 natum
1134 1591 1153 1634 e
1173 1571 1261 1638 coni.

294 1676 427 1766 librarii)
452 1681 638 1764 νομισματίῳ
663 1677 773 1765 σιδηρῷ
792 1681 843 1744 ταί
863 1672 994 1767 ἐλαχίςῳ
1008 1684 1147 1767 ἐχρῶντο.
1160 1679 1209 1746 Gi.
1226 1704 1262 1747 v.

294 1788 423 1863 Σικελὸς
435 1795 609 1873 ςραιιάτης.
653 1785 717 1849 Sed
731 1786 829 1850 redeo
845 1785 885 1848 ad
900 1787 1054 1852 Pisandri
1074 1787 1260 1879 fragmenta.

330 1893 394 1957 Ν.
439 1894 560 1957 suidas.
576 1916 606 1957 v.
637 1891 798 1975 Ἀρκάδας
817 1899 1004 1973 μιμούμενοι.
1028 1929 1072 1944 -
1093 1907 1200 1988 Ταύτῃ
1223 1907 1262 1987 τῇ

291 1999 438 2087 παροιμίᾳ
469 1999 610 2083 κέχρηται
640 1997 774 2064 Πλάτων
797 2000 830 2064 ίν
853 2000 1040 2085 Πεισάνδρῳ.
1069 2003 1121 2069 διά
1143 2013 1202 2093 γάρ
1226 2013 1262 2076 τὸ

290 2113 347 2184 τὰς
376 2105 534 2189 κωμῳδίας
564 2103 654 2178 αὐτὸς
682 2111 780 2173 ποιῶν
807 2102 912 2182 ἄλλοις
934 2109 1077 2196 παρέχειν
1098 2112 1266 2199 Ἀρκάδας

290 2224 445 2302 μιμεῖσθαι
464 2217 532 2300 ἔφη.
576 2210 776 2278 Ostendimus
794 2236 888 2303 supra
902 2238 975 2306 pag.
999 2241 1071 2306 109.
1088 2226 1261 2294 versiculos

290 2350 356 2394 esse
371 2322 563 2416 Eupolideos
579 2344 619 2388 ex
631 2322 795 2408 Parabasi,
811 2323 857 2388 sic
871 2327 1101 2397 restituendos:

716 2468 800 2529 αὐτὸς
817 2471 960 2540 κωμῳδίας

364 2562 456 2616 Παιάν
474 2554 527 2616 εἶτ’
547 2559 639 2621 ἄλλοις
650 2559 778 2630 παρίχυν
794 2553 939 2630 Ἀρκάδας
952 2564 1125 2630 μιμούμενος.

332 2707 374 2776 V.
419 2704 530 2772 Suidae
544 2727 577 2771 v.
601 2705 829 2789 Ἀρεοπαγίτης
854 2740 895 2758 -
914 2711 967 2773 ιιαί
983 2707 1125 2795 ”Aptae
1152 2740 1254 2793 vtat-

289 2822 340 2897 τὸς
371 2820 425 2884 aei
455 2816 572 2902 Ἀρεος
604 2814 745 2896 παιδίον,
782 2817 833 2881 ε’πί
869 2820 931 2886 τῶν
957 2827 1168 2906 θρασυτάτων·
1203 2828 1256 2894 τί.

288 2956 396 3021 χρηται
431 2913 477 3012 τῷ
507 2928 564 3008 μέν
601 2928 712 3010 πρώτῳ
742 2925 876 2995 Πλάτων
906 2933 1103 3018 Πεισάνδρῳ,
1137 2941 1180 3019 τῷ
1216 2939 1253 3006 δὲ

286 3043 415 3127 δευτέρῳ
447 3037 690 3122 Ἀλεξανδρίδης
728 3039 906 3123 Πεισάνδρῳ
944 3038 1042 3128 (recte
1077 3044 1252 3113 Meinekius

287 3156 330 3222 H.
355 3151 389 3218 0.
412 3149 448 3216 C.
471 3170 503 3236 p.
530 3147 602 3214 181.
648 3145 898 3234 Ἀναξανδρίδης
919 3152 1094 3241 Πανδάρῳ).
1118 3155 1182 3220 Per
1202 3158 1251 3223 io·

286 3286 360 3330 cum
387 3261 454 3349 ipse
473 3255 639 3340 Pisander‚
664 3258 751 3322 cuius
766 3258 915 3325 timiditas
930 3261 1035 3325 multis
1049 3262 1109 3327 fuit
1125 3264 1250 3334 ridendi

285 3371 433 3454 materia,
457 3372 574 3444 νεοττὸς
592 3367 709 3455 ’Ἀρεος
728 3369 899 3458 appellatus
917 3370 1010 3436 fuisse
1024 3372 1159 3442 videtur.
1190 3379 1248 3445 Ce-

282 3500 386 3551 terum
404 3476 715 3544 animadvertendum
731 3494 777 3542 est
791 3480 873 3544 male
888 3481 966 3546 haec
982 3484 1088 3548 omnia
1102 3485 1136 3550 in
1152 3486 1249 3554 Suida

287 3593 328 3658 ad
347 3616 380 3656 v.
397 3589 617 3676 Ἀρεοπαγίτης
637 3588 766 3672 τοίαισί,
784 3611 880 3677 quum
894 3584 1008 3657 iiovam
1023 3593 1159 3683 glossam
1173 3600 1251 3664 inci.

246 3736 249 3744 ·
285 3725 361 3793 pere
391 3717 539 3790 appareat
566 3724 586 3765 a
611 3689 791 3788 τ.”Ἀρεος
808 3707 940 3788 νεοττὸς,
962 3727 1059 3792 quare
1073 3707 1143 3792 ιιαί,
1161 3707 1250 3795 quod

285 3809 465 3904 praecedit,
479 3808 647 3875 delendum
664 3826 722 3878 est.

327 3918 383 3998 VI.
420 3917 530 3986 Schol.
560 3918 655 3985 Aaist.
684 3917 725 3984 ad
741 3921 837 4012 Vetp.
861 3922 936 3991 612.
955 3920 1057 4014 (590.)
1100 3924 1248 4006 Εὔαθλος
