2618 4934
512 382 573 449 117

58 590 175 654 samam
190 609 257 652 non
271 587 344 651 satis
366 585 617 673 aequiparasset,
633 584 737 650 inilia
750 589 903 672 materia,
928 614 1022 680 quam

58 698 139 764 vidit
154 712 238 762 aetas
255 696 350 786 paulo
371 695 546 778 recentior,
568 695 716 760 omnibus
735 697 940 786 praeripuisse
960 703 1025 791 pal·

62 831 165 890 mam,
179 823 215 872 et
225 807 258 872 iu
274 829 389 896 magno
404 806 610 871 comicorum
625 828 778 890 numero,
796 809 849 895 qui
863 831 1024 878 succrere

56 933 128 982 rant
143 917 257 982 veteris
283 914 475 982 Comoediae
500 916 712 1008 principibus,
740 938 875 1007 quorum
900 918 1024 987 Strattis

59 1027 137 1109 fuit,
154 1027 396 1117 Theopompus,
413 1025 627 1109 Nicocharss,
651 1026 831 1117 Philyllius,
848 1027 1026 1097 Sannurion

64 1153 97 1204 et
112 1137 209 1203 ceteri
230 1158 357 1219 omnes,
377 1158 475 1200 unum
490 1137 634 1203 omnium
648 1138 783 1203 maxima
803 1139 920 1228 ingenii
935 1154 967 1207 et
982 1140 1027 1207 fa·

61 1249 215 1315 cetiamm
235 1246 328 1312 laude
356 1246 548 1312 celebratum
573 1269 655 1313 esse:
677 1272 792 1338 nempe
807 1250 883 1314 hinc
898 1248 1027 1320 demum

61 1359 284 1449 intelligimus,
310 1358 362 1446 qui
391 1356 510 1421 factum
537 1356 595 1439 sit,
611 1373 646 1421 ut
662 1373 711 1422 tot
725 1358 852 1425 fabulae
867 1361 932 1426 eius
945 1363 1026 1429 Poe

59 1481 130 1549 tae,
154 1490 248 1556 quem
273 1468 314 1532 ab
338 1466 465 1556 Olymp.
481 1465 684 1534 LXXXVIII.
702 1467 844 1534 docuisse
858 1469 979 1537 tabulas
995 1489 1027 1540 et

59 1599 134 1645 cum
154 1578 350 1669 principibus
366 1577 512 1659 Cratino,
533 1576 763 1668 Aristophane,
785 1579 942 1667 Eupolide
958 1583 1025 1648 aliis

60 1687 261 1755 contendisse
291 1703 413 1753 certum
442 1702 506 1768 est,
535 1685 577 1754 ad
589 1684 668 1751 illud
684 1710 781 1777 genus
796 1690 954 1777 pertinere
968 1715 1028 1781 po·¹

60 1797 191 1867 tuerint.
394 1804 397 1811 '

105 1904 169 1971 Sed
192 1928 310 1996 operae
331 1906 468 1996 pretium
487 1920 534 1970 est
549 1902 716 1970 ostendere
730 1908 858 1995 paucis,
882 1923 918 1989 et
945 1918 948 1923 '
1006 1911 1014 1929 '

59 2017 154 2082 fuerit
176 2038 283 2081 earum
304 2014 483 2081 fabularum
496 2016 595 2096 ratio,
617 2029 650 2079 et
677 2016 788 2102 quibus
818 1908 1030 2105 moal:

62 2141 114 2192 tae
139 2126 173 2189 in
195 2126 242 2190 his
258 2124 448 2215 argumentis
469 2146 549 2212 quae
562 2139 676 2189 notare
689 2124 824 2208 vellent,
848 2124 981 2195 irridere
994 2145 1028 2197 et

61 2235 200 2302 cavillari
225 2235 375 2303 solerent.
420 2234 597 2300 Prodibant
621 2235 655 2299 in
674 2256 801 2301 socnam
822 2235 1029 2328 Tragicorum

59 2369 231 2440 personae,
254 2342 422 2409 ridiculum
445 2343 479 2407 in
494 2342 625 2407 modum
639 2342 733 2406 larvis
748 2359 781 2406 et
796 2346 918 2432 reliquo
934 2372 1030 2440 appa.

60 2473 132 2525 ratu
145 2471 277 2522 ornatae
295 2452 380 2543 (ride
395 2452 502 2517 locum
518 2450 655 2516 Platonii
671 2474 744 2540 pag.
761 2448 842 2540 54),
867 2452 1029 2527 desumtae

63 2569 130 2635 fere
154 2590 193 2632 ex
213 2565 315 2653 aliqua
333 2560 527 2653 Tragoedia,
552 2560 639 2626 cuius
655 2575 687 2625 et
701 2577 919 2650 argumentum
934 2581 968 2631 et
981 2566 1029 2632 lo·

63 2700 119 2743 cos
143 2674 311 2741 nonnullos
331 2672 427 2738 faceti
448 2677 562 2761 poetae
578 2671 722 2753 inffrisum
737 2671 907 2761 iocumque
921 2672 1029 2742 detor·

62 2789 212 2876 quebant.
242 2783 437 2874 Intelligetur
452 2783 573 2874 optime
589 2804 607 2846 e
621 2780 867 2847 luculentissimo
884 2788 1029 2877 exemplo

61 2894 185 2963 fabulae
209 2890 390 2974 Strattidis,
426 2914 487 2978 qua
515 2891 550 2954 in
575 2890 703 2956 facetias
731 2890 1029 2963 transiundebantur

61 3001 220 3093 Euripidis
233 3002 437 3066 Phoenissae.
485 2999 574 3082 Quae
591 2999 676 3090 apud
690 3000 874 3094 Euripidem
887 3027 934 3073 ts.
953 3006 1028 3086 463.

62 3136 132 3204 sqq.
156 3113 271 3203 legitur
291 3111 451 3202 praeclara
472 3111 643 3177 sententia:

187 3263 359 3336 Hagmatana
376 3261 409 3314 dl
426 3261 498 3331 σφῷν
514 3280 543 3315 τι
558 3263 697 3327 βούλομαι
712 3262 802 3325 σοφόν.

183 3355 277 3407 Ὅταν
293 3354 370 3416 φίλος
386 3373 428 3413 τις
442 3353 526 3423 ἀνδρὶ
542 3354 690 3417 θυμωθεὶς
706 3354 776 3422 φίλῳ

187 3444 241 3504 Ele
256 3443 285 3497 ic
301 3443 444 3496 reverteas
460 3440 563 3506 ὄμματ’
582 3441 698 3508 ὄμμασιν
716 3442 804 3512 διδῷ,

190 3533 253 3595 Ἐφ’
270 3527 310 3593 οἷς
327 3537 436 3601 συνῆκεν
453 3534 546 3585 ταῦτα
563 3537 616 3604 χρὴ
634 3533 716 3597 μόνον
732 3540 864 3600 σκοπήν.

190 3623 290 3677 Κανῶν
307 3622 340 3678 δὲ
358 3625 412 3676 τῶν
429 3624 496 3698 πρὶν
512 3625 632 3692 μηδενὸς
647 3625 746 3688 psaltas
763 3624 850 3694 ἶχιιν.

64 3793 137 3840 eam
153 3768 282 3859 igiturs)
301 3768 551 3854 Στράττιδος-
568 3766 693 3852 'laadan
713 3801 756 3817 -
774 3771 808 3837 ἐν
827 3774 894 3845 ταῖς
911 3773 1032 3861 ἐπιγρα·

63 3882 210 3970 peperere
232 3880 408 3954 Φοινίσσαις
432 3879 477 3942 sic
504 3879 539 3943 in
558 3877 721 3944 scurrilem
742 3879 849 3946 iocum
865 3878 1031 3976 detorquet

65 4016 116 4090 ap.
139 3992 256 4062 Athen.
279 3988 337 4058 IV.
360 4011 435 4085 pag.
463 3987 602 4063 160..D.
