2618 4934
561 386 605 448 33

137 589 334 658 Comoedias
344 604 427 655 aetas
438 587 655 654 domnbsdma
669 589 752 654 inter
762 588 891 680 Olymp.
902 591 1062 662 LXXXV.

92 709 127 786 4.
150 718 184 781 et
205 700 290 765 XCI.
317 722 348 765 2.
364 711 451 765 recte
468 699 544 785 poni
560 710 689 786 potest:
711 699 784 785 quia
798 718 857 788 per
870 700 929 766 bos
943 725 1062 787 annos,

92 813 189 879 nullis
214 807 367 899 impedita
386 806 537 887 vinculis,
558 805 602 871 ad
623 805 835 896 quodeunque
849 822 1063 901 se'argumen-

89 921 161 988 tuni
181 917 315 986 dederat
334 916 434 981 bbere
447 915 628 998 iocabatur,
650 930 684 982 et
698 931 845 1007 tempora
859 940 898 986 es
909 920 1061 1007 fuerunt,

90 1046 129 1096 ut
155 1025 321 1096 cavillandi
342 1023 508 1089 materiem
527 1024 719 1113 praeberent
742 1027 857 1094 cirirun
880 1028 1063 1116 nequissimi

89 1158 125 1206 et
147 1140 313 1230 pleraque,
336 1157 417 1224 quae
428 1134 472 1198 in
486 1156 554 1223 rep.
570 1150 603 1199 et
618 1135 658 1201 ab
675 1135 804 1226 singulis
818 1153 872 1204 aut
885 1138 994 1228 inepte
1008 1154 1063 1208 sut

88 1249 242 1340 flagitiose
258 1245 550 1325 committerentur3
565 1242 717 1332 denique,
730 1245 817 1334 quod
828 1268 987 1316 summum
999 1265 1063 1335 est,

88 1358 278 1450 prodierunt
299 1354 394 1424 ιιιιιιι
415 1353 507 1421 multi
521 1359 651 1442 poetae,
673 1355 727 1442 qui
742 1372 868 1443 praeter
882 1356 1015 1426 mordax
1029 1375 1064 1433 et

88 1471 229 1535 facetum
250 1466 411 1557 ingenium
434 1478 467 1527 et
489 1461 673 1527 ditissimam
692 1487 805 1535 ronam
824 1466 973 1556 singulari
987 1489 1061 1557 pru.

91 1579 198 1645 dentia
212 1580 244 1642 e't'
257 1566 383 1664 patriae
398 1593 508 1638 amore
523 1571 730 1641 excellebant.
747 1589 749 1596 ·
777 1568 867 1638 Vidit
880 1576 960 1641 baec
975 1573 1064 1644 aetas

87 1688 172 1772 sola,
194 1689 328 1778 opinor,
346 1685 435 1750 viros
457 1682 638 1773 ingeniosos
656 1697 690 1749 et
708 1681 748 1750 ad
764 1705 860 1751 omne
873 1684 1061 1756 facetiarum
1177 1757 1179 1761 ,

88 1823 189 1891 genus
203 1814 294 1863 natos
308 1794 452 1873 ludentes
466 1792 667 1881 ridentesque
683 1794 806 1882 aptium
821 1816 963 1883 quaeque
976 1797 1058 1886 reip.

90 1908 239 1991 suadere,
264 1905 427 2000 improbos
452 1925 492 1970 ac
516 1901 684 1971 seditiosos
709 1902 810 1985 tuedo
832 1903 938 1994 lepide
963 1903 1063 1975 mede

92 2019 206 2085 aeriter
228 2018 406 2106 castigare,
427 2015 549 2093 hortari
570 2022 682 2083 omnes
704 2007 737 2082 ct
752 2011 925 2097 admonete
940 2039 981 2081 ue
995 2016 1062 2084 evi·

88 2143 152 2192 tam
166 2128 287 2217 patriae
298 2123 590 2216 gloriamsocordia
600 2139 634 2192 et
645 2123 769 2210 luxurie
779 2125 1015 2214 exdnguerent3
1028 2123 1063 2195 id

90 2248 234 2326 agentes,
246 2251 284 2297 ut
297 2232 450 2320 quidquid
457 2249 538 2298 esset
551 2233 681 2301 nexium
691 2234 897 2323 autiueptmn
908 2236 949 2303 ab
959 2233 1063 2306 riden'·

88 2347 174 2412 tibus
192 2343 422 2433 spectatoribus
437 2358 638 2432 sperneretur
652 2359 854 2430 spretumque
867 2366 943 2413 mox
957 2368 1062 2416 emen·

88 2454 229 2538 daretur,
243 2453 340 2518 verbo
356 2453 401 2518 ita
413 2452 587 2519 scribentes
600 2449 731 2531 fabulas,
741 2467 778 2517 ut
786 2463 980 2538 spectatores
994 2476 1061 2523 rne-

54 2644 57 2651 ,
88 2563 185 2639 borres
198 2579 253 2633 ant
265 2579 353 2633 certo
364 2559 586 2654 prudentiores
597 2557 702 2624 foetis
715 2559 840 2626 ιιιειιιιο
851 2557 1060 2634 discederent.

134 2675 180 2736 [lt
205 2673 287 2740 solet
307 2675 400 2738 onius
421 2665 618 2756 praeclarum
636 2665 799 2756 ingenium
815 2667 914 2737 multa
927 2668 1062 2739 aliorum

87 2778 193 2846 studia
218 2777 407 2856 incendere,
432 2776 477 2841 ita
505 2774 659 2865 (laustinus¹
673 2795 768 2846 senex
795 2777 928 2847 eximios
949 2784 1060 2868 poetas

87 2890 233 2978 exemplo
256 2900 315 2956 suo
335 2887 481 2965 excitarit
501 2887 648 2970 iuvenes,
670 2888 932 2974 Aristophanem,
949 2890 1059 2981 ΙΕυιιιι

85 2997 207 3081 iidem,
231 3000 467 3078 Pherecratem,
492 2997 1057 3084 Ptqnicnon,1>1nmen‚meros

86 3111 267 3200 principes,
291 3109 351 3176 nisi
365 3107 451 3196 quod
465 3107 691 3195 Aristophanes
705 3108 833 3195 reliquie
848 3110 996 3180 omnium
1010 3108 1058 3180 di,

87 3222 163 3287 vino
192 3220 322 3310 ingenio
352 3217 541 3287 excellebat.
589 3218 729 3301 Omnes,
763 3217 849 3306 quod
877 3222 1057 3310 saepissima
1105 3206 1107 3210 ι

86 3332 274 3417 usuvenit,
298 3330 410 3398 eadem
431 3327 498 3394 iere
517 3343 602 3396 aetas
619 3328 767 3420 protulit.
812 3329 968 3398 Omnibus
981 3330 1056 3399 felia

87 3440 248 3529 ingenium
268 3456 301 3506 et
319 3441 408 3510 dives
429 3461 511 3508 rena
524 3438 606 3522 fuis,
628 3438 773 3506 nonnihil
789 3455 894 3508 tamon
910 3462 1055 3531 carneas

87 3573 123 3615 se
145 3550 281 3635 inuicem
299 3550 563 3643 discrepabant.
576 3548 690 3651 Laudis
709 3547 846 3642 studium
871 3526 1057 3649 palmaeque

86 3657 208 3724 nobilis
241 3662 424 3726 acerrimam
457 3660 539 3726 inter
575 3681 685 3723 omnes
720 3655 973 3736 aemulationem
993 3659 1057 3737 ιιι·

87 3770 153 3835 bat.
198 3768 440 3856 Aristophanes,
464 3770 516 3858 qui
540 3784 719 3833 ceterorum
739 3767 858 3858 gloriae
873 3742 1053 3855 officiebat,

88 3881 231 3959 omnium
253 3881 360 3958 sensit
366 3878 538 3972 invidiam,
561 3901 702 3971 quam
675 3879 796 3960 fretus
787 3881 914 3973 ingenio
930 3880 1055 3977 plausu·

93 4013 154 4078 que
163 3970 307 4055 iocando
321 4005 375 4054 aut
385 3976 546 4055 irridendo
562 3966 722 4103 eludebat.
769 3990 854 4059 Hinn
867 3992 1059 4065 acuebantur

896 4101 913 4164 5
