2618 4934
642 334 662 398 7

161 541 315 635 guntione
329 553 437 604 tamen
451 558 516 604 non
531 537 598 624 ausi
610 549 683 601 sunt
696 533 801 626 legunt
815 538 949 604 vinculis
963 547 1124 611 coercere.

162 653 291 741 Nempe
315 663 384 713 tum
406 645 535 712 demum
561 644 700 710 coniicio
722 652 832 736 poitas
852 648 902 714 vel
923 653 1021 741 magis
1034 676 1132 720 unum

163 769 298 855 poetam
307 778 311 786 ·
320 759 480 824 Cratinum
501 779 541 822 eo
556 753 706 822 audaciae
720 779 787 823 esse
801 781 1017 850 progressum,
1037 779 1073 829 ut
1086 765 1133 830 vi.

164 895 221 941 ros
236 889 391 953 summos,
401 868 434 934 in
447 867 496 932 his
508 867 611 956 ipsum
623 865 797 949 Periclem,
812 890 947 958 persona
961 873 1133 961 ceterisque

167 982 322 1049 omnibus
339 976 392 1044 ad·
406 977 576 1042 maximam
602 974 839 1043 similitudinem
863 980 1132 1067 accommodatis,

164 1089 357 1183 produceret
381 1088 415 1152 in
442 1108 571 1152 scenam
597 1107 636 1151 ea
661 1083 802 1153 dicentes
831 1104 864 1153 et
892 1107 1036 1180 agentes,
1068 1095 1137 1182 qui·

165 1203 225 1269 bus
246 1214 300 1265 aut
314 1198 394 1264 risus
413 1197 531 1263 civium
545 1211 601 1260 aut
616 1194 724 1261 odium
741 1211 773 1262 et
786 1196 906 1264 invidia
920 1198 1067 1266 adversus
1081 1225 1137 1268 eos

167 1312 393 1378 excitarentur,

212 1420 289 1487 Non
312 1434 359 1485 est
383 1416 485 1483 simile
506 1417 595 1499 veri,
619 1416 653 1480 in
667 1415 742 1504 ipsis
758 1415 943 1484 comoediae
957 1419 1138 1509 primordiis

165 1531 329 1599 licentiam
354 1552 396 1594 eo
419 1550 519 1616 usque
542 1527 637 1591 finisse
660 1549 875 1617 progressam,
904 1527 960 1593 sed
985 1529 1138 1621 paulatim

156 1637 303 1709 ¹crevisse
336 1655 429 1705 aucta
457 1635 706 1722 confirmataque
736 1636 848 1726 populi
877 1641 1040 1726 potentia,
1075 1662 1138 1728 quo

165 1764 333 1841 tempore,
350 1766 481 1815 auctore
496 1748 644 1815 Platonio
659 1750 727 1834 περὶ
741 1749 828 1830 drap.
844 1775 919 1834 ιιωμ.
935 1772 1009 1840 pag.
1022 1771 1137 1816 xxxin.

169 1865 213 1929 τὰ
236 1863 512 1948 τῆοδχμοκρατίας
525 1861 651 1946 1ἐκράτει
673 1860 755 1946 παρ’.
772 1860 975 1947 Ἀθηναίοις,
996 1866 1060 1929 ὀιαὶ
1081 1867 1139 1947 τὴν

170 1972 312 2050 ἰξοιιαιόιοΙ
323 1981 483 2058 &panorm
505 1971 637 2055 δ’δῆμος
655 1965 749 2059 εἶχεν,
771 1973 861 2048 αὐτὸς
880 1974 1076 2060 αὐτοκράτορ’
1085 1977 1139 2040 καὶ

166 2089 268 2169 κύριος
284 2089 347 2152 τῶν
366 2083 532 2151 πολιτικῶν
545 2090 730 2168 πραγμάτων
744 2086 895 2171 ὑπάρχων.
917 2083 1028 2170 Neque
1042 2084 1140 2150 etiam

166 2193 265 2258 serius
280 2193 385 2282 potuit
398 2193 451 2258 hic
467 2215 536 2257 mos
551 2193 731 2275 invaluisse,
747 2215 820 2257 nam
837 2208 961 2258 constat
976 2193 1140 2261 luculento

166 2303 291 2369 Cratini
314 2301 489 2393 fragmento
515 2302 550 2367 in
574 2306 725 2386 Θρᾴτταις
746 2301 831 2388 apud
855 2302 1015 2370 Plutarch.
1035 2305 1069 2369 in
1083 2306 1139 2370 vit.

167 2411 243 2476 Per.
260 2432 332 2498 cap.
348 2430 424 2475 κιαι.
452 2408 557 2496 (quam
573 2408 715 2472 fabulam
730 2429 796 2470 non
811 2410 908 2472 serius
924 2433 1018 2497 quam
1033 2411 1141 2500 Olym-

168 2518 264 2610 piade
278 2517 452 2585 LXXXIV.
475 2519 603 2585 ineunte
628 2512 756 2578 doctam
773 2538 838 2604 esse
854 2538 891 2579 ex
904 2517 968 2582 hoc
983 2519 1053 2606 ipso
1068 2519 1143 2584 loco

166 2630 347 2697 luculenter
369 2629 550 2695 conficitur.
574 2622 638 2694 vid.
663 2623 802 2690 Meinek.
819 2627 863 2692 H.
884 2627 918 2693 C.
940 2626 975 2694 C.
991 2650 1066 2717 pag.
1084 2629 1141 2708 46.

170 2739 232 2805 Th.
248 2740 362 2830 Berglt.
385 2738 504 2803 comm.
521 2735 560 2799 de
578 2736 610 2802 C.
626 2737 670 2802 A.
688 2759 762 2826 pag.
781 2736 851 2824 90.)
867 2737 970 2827 ipsum
987 2737 1143 2804 Periclem

169 2847 267 2914 fuisse
281 2846 472 2937 productum
485 2844 518 2908 in
530 2867 674 2910 scenam:
689 2845 901 2936 prodeuntem
914 2865 1019 2914 autem
1032 2851 1141 2917 nescio
1166 2881 1168 2884 ·

117 3044 120 3051 Ι
171 2959 244 3048 quis
266 2958 463 3046 conspicatus
484 2955 531 3020 sic
552 2954 709 3042 loquitur:

328 3144 362 3197 ‘0
378 3145 572 3214 σχινοκέφαλος
589 3145 662 3204 Ζεύς
678 3144 727 3198 o‘o'l
744 3147 929 3220 προσέρχεται
976 3114 980 3123 Ι

327 3237 362 3288 ‘0
378 3237 550 3308 Περικλέης,
569 3237 688 3307 τῴδεῖον
704 3238 751 3291 ἐπὶ
769 3241 818 3290 τοῦ
837 3243 949 3309 κρανίου
1026 3272 1028 3276 -

325 3328 439 3397 'Elam
458 3328 558 3394 ἐπειδὴ
576 3328 725 3399 τοῦςρακον
742 3332 920 3400 παροίχεται.

172 3523 238 3591 quo
259 3499 337 3565 nihil
363 3512 470 3588 potest
490 3498 678 3587 petulantius
702 3501 735 3564 in
760 3501 862 3566 virum
883 3502 1042 3591 egregium
1057 3498 1138 3571 dicit

170 3608 269 3678 simul
293 3609 473 3696 increpatur
498 3609 608 3698 populi
631 3611 761 3692 inertia,
791 3610 845 3697 qui
865 3611 970 3675 siverit
992 3626 1140 3680 testarum

171 3716 327 3787 iudicium
344 3717 518 3783 obsoletum
532 3742 598 3784 esse
612 3720 730 3784 factum
747 3742 784 3783 ac
798 3743 898 3808 prope
914 3721 947 3786 in
964 3721 1140 3788 desuetudi-

175 3854 251 3898 nem
267 3828 379 3894 abiisse
404 3827 641 3916 (παροίχεσθαι);
666 3827 750 3893 unde
765 3828 881 3919 factum
896 3833 952 3916 sit,
977 3848 1011 3896 ut
1027 3832 1142 3898 Pericli

176 3940 273 4007 animi
288 3937 456 4005 creverint.
501 3938 667 4005 Praeterea
686 3939 829 4006 abnormi
847 3942 950 4030 capite
966 3940 1141 4010 delormcm
