2618 4934
731 352 792 429 lt't

277 570 389 659 quibus
404 566 438 631 id
453 589 549 631 unum
561 567 621 631 sibi
633 566 737 631 studio
750 567 910 633 habebant
921 568 1059 651 Comici,
1075 584 1111 633 ut
1126 570 1245 659 impor-

283 679 450 743 tunitatem
472 677 726 766 Demagogorum
749 676 921 768 populique
946 679 1149 745 caecutientis
1167 681 1251 746 insa·

278 789 364 852 niam
381 809 441 875 pro
466 786 596 851 arbitrio
616 787 651 851 in
670 809 765 853 scena
784 784 941 853 riderent:
966 811 1069 878 neque
1086 789 1165 855 aliae
1179 789 1250 856 fere

280 897 494 964 cavillationes
513 897 641 986 impune
660 896 855 978 ferebantur,
880 921 976 986 quam
992 921 1072 987 quae
1087 900 1250 989 populari·

280 1011 338 1074 bus
366 1009 568 1096 opinionibus
595 1006 865 1074 abblandirentur.
916 1009 988 1074 Huc
1007 1013 1147 1099 pertinet
1160 1011 1253 1075 locus

279 1118 517 1207 Xenophontis,
542 1137 636 1203 quem
650 1138 743 1204 supra
759 1140 833 1207 pag.
853 1116 907 1184 32.
925 1119 1098 1210 attigimus,
1123 1120 1165 1185 de
1179 1143 1250 1209 rep.

277 1230 397 1295 Athen.
415 1228 456 1293 11.
476 1228 526 1293 18.
549 1228 716 1312 Κωμῳδεῖν
744 1227 774 1294 δ’
797 1224 838 1295 αὖ
865 1232 917 1297 καὶ
945 1235 1045 1307 κακῶς
1068 1230 1167 1311 λέγειν
1194 1236 1251 1299 τὸν

277 1341 335 1422 μὲν
351 1340 445 1420 δῆμον
460 1339 514 1404 οὐκ
529 1341 639 1420 ἐῶσιν,
653 1338 708 1405 ἵνα
721 1341 762 1421 μὴ
776 1339 864 1405 αὐτοὶ
876 1340 1005 1408 ἀκούωσι
1018 1349 1117 1416 κακῶς
1131 1367 1159 1405 κ.
1173 1366 1201 1406 τ.
1218 1339 1248 1404 λ.

278 1444 341 1510 Sed
356 1446 547 1512 vexabantur
561 1468 688 1528 omnes,-
704 1447 759 1533 qui
772 1444 859 1535 plebi
875 1445 1084 1534 qualicunque
1099 1447 1140 1512 de
1154 1470 1250 1513 causa

279 1570 333 1620 aut
353 1556 445 1621 invisi
466 1573 556 1623 erant
570 1572 630 1622 aut
641 1556 814 1622 contemti:
839 1553 895 1621 sed
910 1555 1005 1631 etiam
1020 1560 1054 1651 in
1070 1556 1118 1622 his
1131 1559 1207 1645 ipsis
1223 1558 1251 1623 si

279 1667 347 1755 quis
373 1669 464 1732 iocus
486 1668 641 1757 spectanti
667 1667 777 1732 nubae
796 1666 899 1732 minus
918 1666 1079 1757 placem,
1102 1667 1250 1732 incautus

277 1783 375 1866 poeta
388 1779 523 1866 turpiter
536 1779 719 1869 exigebatur
733 1777 836 1841 foras:
854 1775 919 1841 vid.
937 1777 1034 1868 Diog.
1050 1777 1155 1843 laert.
1172 1777 1246 1844 VII.

279 1887 311 1951 5.
329 1892 364 1963 4.
409 1885 528 1950 Eadem
552 1888 648 1973 igitur
672 1884 777 1947 cautio
803 1885 837 1946 in
863 1905 903 1946 eo
926 1886 1105 1951 fabularum
1132 1910 1249 1977 genere

277 1994 360 2075 luit,.
379 2014 455 2079 quos
480 1994 513 2056 iu
536 1993 611 2078 ipsis
634 1988 758 2054 mediae
780 1986 974 2053 comoediae
993 1992 1176 2078 primordiis
1189 1997 1250 2063 do·

280 2115 410 2167 cuerant
433 2105 557 2187 positae.
589 2097 623 2161 Si
644 2096 720 2185 quid
734 2098 767 2161 in
782 2084 870 2187 reip·
881 2094 1150 2184 administratione
1165 2107 1253 2171 vide·

277 2226 365 2276 retur
379 2205 589 2298 carpendum,
613 2206 723 2272 facetis
739 2206 921 2296 mythorum
935 2207 1106 2274 involucris
1121 2213 1167 2277 sic
1183 2215 1249 2279 cal·
1279 2234 1282 2241 ’

275 2318 340 2385 lide
367 2319 620 2400 intertexebant,
652 2332 688 2382 ut
713 2318 859 2408 ambigua
884 2317 1030 2410 leporum
1058 2322 1248 2411 significatio

277 2427 370 2494 simul
395 2428 435 2492 ab
455 2425 553 2491 acutis
569 2425 802 2516 intelligeretur
823 2440 856 2490 et
871 2443 1015 2492 auctores
1030 2429 1072 2493 ab
1088 2433 1175 2495 omni
1191 2455 1246 2498 aa·

276 2539 395 2603 lumnia
420 2551 593 2625 praestaret
618 2535 801 2602 tutissimos.
856 2536 981 2628 Nempe
1007 2537 1083 2604 deos
1110 2543 1185 2608 istos
1213 2560 1247 2611 et

277 2648 412 2733 reliquae
435 2666 585 2733 personas
610 2644 841 2734 mythologicss
868 2644 1060 2712 inducebant
1088 2649 1248 2718 derebus

278 2753 518 2819 Atheniensium
542 2750 644 2837 deque
666 2752 722 2833 iis,
755 2773 833 2842 quos
855 2753 960 2820 ridere
974 2756 1139 2842 volebant,
1165 2777 1245 2827 tam·

277 2886 371 2951 quam
391 2864 493 2952 probe
508 2860 567 2924 sibi
582 2860 666 2925 notis
680 2862 765 2927 inter
779 2884 846 2927 sese
861 2862 1067 2933 disserentes:
1092 2872 1180 2936 cuius
1195 2896 1245 2938 ur·

279 2973 438 3039 benissimi
460 2970 580 3035 inventi
593 2970 628 3035 in
649 2972 820 3061 perexiguo
842 2972 1092 3063 fragmentorum
1112 3003 1244 3047 numero

277 3083 368 3172 plura
395 3076 537 3166 exempla
560 3080 770 3167 reperiuntur.
822 3081 859 3146 In
885 3083 1115 3152 Anaxandridis
1148 3091 1246 3157 Tereo

278 3193 396 3258 Athen.
412 3187 469 3254 IV.
487 3188 656 3278 pignos.
674 3189 716 3256 D.
739 3190 847 3257 nescio
863 3195 931 3282 quis
947 3195 1082 3263 Tereum
1096 3199 1143 3263 sic
1159 3224 1245 3268 com·

276 3302 391 3391 pellat:
760 3326 762 3331 ·

399 3432 494 3504 Ὄρνις
509 3431 644 3500 κηλήσει.
665 3431 700 3488 Τ.
719 3434 768 3485 διὰ
783 3435 831 3499 τί,
849 3434 916 3506 πρὸς
931 3439 981 3501 τῆς
996 3435 1109 3502 Ἓςίαςς

400 3523 527 3595 Πότερον
544 3523 711 3590 καταφαγὼν
728 3525 779 3592 τὴν
795 3525 927 3597 πατρῴαν
943 3525 1039 3580 οὐσίαν

398 3614 513 3686 Ὥσπερ
530 3613 708 3673 Πολύευκτος
723 3613 738 3665 ὅ
757 3615 856 3676 zolde:
872 3608 891 3649 ·'

275 3735 469 3803 Nicochares
495 3741 530 3808 is
547 3736 709 3820 Γαλατείᾳ
735 3759 788 3827 ap.
817 3735 926 3806 Schol.
957 3740 1053 3808 Arist.
1079 3743 1165 3812 Plut.
1194 3767 1238 3813 vs.

280 3868 353 3935 179.
377 3845 498 3912 inducit
521 3845 684 3914 Galateam
709 3870 782 3927 cum
807 3845 1006 3937 Polyphemo
1026 3851 1072 3917 sic
1095 3871 1241 3943 expostu-

273 3957 409 4024 lentem:
