2618 4934
518 395 561 459 85

413 620 416 627 ·
472 597 612 657 κάκείνους
628 599 692 658 τοὺς
708 599 823 660 Ἱππέας

188 691 364 758 latentique
380 686 418 756 τῷ
434 688 564 758 φαλακρῷ
580 688 669 756 τούτῳ
686 690 888 760 addemnatam.

64 825 248 915 ridasupra
262 849 333 914 pag.
353 822 407 889 65.
445 825 549 910 Atque
569 824 649 888 haec
674 824 802 911 quidem
817 825 858 891 de
872 828 1028 899 simultate

60 938 145 1003 inter
169 937 266 1001 ambo
287 931 479 998 Comoediae
497 934 655 1021 principes
670 934 843 1000 sufficiunt:
867 937 957 1026 plura
983 941 1029 1005 in-

60 1046 165 1130 dicia,
188 1045 327 1135 quamvis
351 1045 453 1108 minus
483 1060 588 1126 certa,
614 1043 689 1110 vide
718 1044 802 1133 apud
823 1046 1027 1116 Fritnschium

60 1157 96 1221 in
121 1157 263 1243 (Inaestt.
285 1154 388 1216 Arist.
419 1174 491 1240 pag.
520 1156 592 1230 144.
615 1175 698 1244 sqq;¹
736 1153 915 1222 Videndum
943 1181 1029 1223 nuno

58 1281 127 1348 est,
161 1264 214 1353 qui
235 1262 329 1327 Plato
358 1266 393 1324 in
418 1259 557 1326 eiusdem
585 1261 651 1326 odii
677 1265 860 1331 societatem
891 1251 1024 1336 venerit.

61 1375 178 1440 Deficit
204 1390 309 1439 autem
337 1372 371 1435 in
401 1372 461 1435 hac
484 1370 685 1462 indagatione
714 1376 866 1463 quidquid
889 1395 1029 1466 superest

62 1488 204 1552 veterum
229 1498 521 1548 monumentorum:
552 1505 646 1570 quare
673 1506 769 1571 quum
789 1484 829 1550 ad
851 1489 1028 1574 probabiles
1086 1540 1091 1552 .

63 1596 258 1662 coniecturas
286 1595 326 1658 sit
350 1591 616 1682 confugiendum,
640 1592 839 1683 deprecanda
853 1613 901 1661 est
915 1600 1024 1681 venia,

59 1708 88 1773 si
102 1707 155 1772 cui
167 1705 253 1771 forte
267 1727 334 1768 non
346 1704 461 1768 rectius
476 1703 632 1767 nonnulla·
641 1704 824 1792 explicuisse
840 1724 893 1771 aut
908 1708 1027 1773 Aristo·

10 1843 17 1853 ’
63 1817 179 1909 phanis
200 1816 281 1879 locis
299 1837 338 1879 ex
357 1815 416 1878 hac
432 1815 610 1903 suspicione
624 1815 814 1903 insperatam
830 1817 966 1883 attulisse
981 1818 1029 1883 lu·

65 1949 153 2009 cem,
168 1923 223 1990 sa'd
236 1924 492 2015 intemperantius
505 1923 632 2014 ingenio
649 1924 736 1988 abusi
750 1923 938 1995 videbimur.
964 1926 1028 1993 Sed

62 2036 115 2103 vel
139 2037 184 2101 sic
205 2033 277 2100 satia
293 2034 439 2117 habebo,
462 2035 489 2099 si
505 2036 598 2124 periti
612 2034 732 2101 iudices
748 2057 813 2099 non
828 2035 953 2101 inanem
968 2060 1028 2103 no·
1103 2119 1105 2123 y

61 2156 175 2213 rorum
206 2147 417 2229 inventorum
439 2145 605 2235 gloriolam
636 2145 745 2234 putide
778 2146 940 2213 affectasse
974 2171 1027 2214 me

62 2256 321 2347 suspicabuntur,
346 2252 402 2318 sad
421 2276 529 2318 veram
551 2257 761 2319 obscurorum
775 2257 920 2323 locorum
935 2260 1029 2326 inter·

62 2366 279 2458 pretationem.
295 2358 461 2450 diligenter
482 2359 642 2445 indagasse
665 2362 851 2429 concedent.
872 2416 875 2423 .

106 2473 241 2541 Easdem
257 2493 378 2553 causas,
401 2490 480 2556 quae
495 2466 684 2561 Eupolidem
702 2470 908 2555 impulerunt,
933 2475 1027 2542 etiam

62 2586 205 2652 Platonis
230 2580 436 2648 acrimoniam
460 2577 495 2640 in
520 2575 676 2641 aemulum
703 2583 833 2666 poetam
854 2581 1027 2649 concitasse

62 2694 237 2787 probabilis
250 2689 388 2777 suspicio
402 2701 460 2750 est:
477 2684 628 2750 invidiam
642 2701 674 2750 et
686 2685 845 2752 vindictae
857 2690 900 2755 ob
913 2690 1028 2757 iactata

63 2807 100 2870 in
113 2827 178 2869 sese
192 2802 337 2868 convicia
350 2795 540 2886 cupidinem·
555 2795 696 2861 Platonis
711 2798 834 2863 nomini
844 2801 1029 2889 Aristopha-

18 2946 42 2997 a'
62 2917 112 2983 nis
144 2915 303 3003 ingenium
332 2908 544 2997 maximopere
571 2906 753 2974 officiebat:
786 2911 1026 2998 Athamantea,

23 3032 37 3071 '¹'
64 3029 217 3116 Equites,
248 3023 386 3109 Vespere,
416 3017 565 3106 Olympp.
593 3017 792 3085 LXXXVIII.
821 3020 895 3087 det
914 3026 972 3105 4.,
997 3040 1029 3089 et

64 3135 237 3202 LXXXIX.
258 3155 289 3198 a.
307 3131 451 3197 omnibus
465 3130 600 3217 primam
615 3129 1024 3221 palmampraeripuerant3
1068 3199 1073 3211 ,

67 3248 140 3314 Pac
163 3247 289 3334 Olymp.
319 3240 492 3307 LXXXIX.
522 3237 553 3303 3.
580 3239 639 3303 soli
666 3256 798 3304 cesserat
821 3241 1027 3308 facetissimae

67 3355 251 3422 comoediae
285 3348 449 3442 Eupolidis
483 3348 620 3426 Κόλαξι,
653 3357 685 3411 et
719 3346 832 3420 tulerat
863 3349 1025 3420 secundas.

66 3466 131 3531 Per
161 3466 220 3528 hos
253 3479 388 3551 quatuor
414 3481 512 3524 annos
540 3456 691 3523 secundas
716 3457 783 3522 fere
813 3475 1027 3545 reportaverat

66 3575 225 3655 Cratinus,
240 3574 344 3638 tertias
360 3570 506 3660 Eupolis,
522 3569 751 3647 Aristomenes,
775 3567 809 3631 in
824 3568 935 3631 ceteris
946 3570 1026 3636 Leu-

67 3711 143 3756 con.
189 3684 328 3749 Platonis
350 3680 438 3746 nulla
456 3680 592 3760 mentio,
621 3699 723 3765 neque
747 3677 841 3741 etiarn
863 3699 926 3764 quo
942 3702 1026 3748 anno

67 3797 176 3868 Nubes
197 3811 301 3885 spreta
320 3792 379 3856 luit
392 3790 519 3880 Olymp.
536 3788 708 3853 LXXXIX,
730 3809 779 3852 10:
796 3809 870 3858 nam
885 3790 1028 3859 Cratinus

67 3926 100 3976 et
114 3906 269 3996 Amipsias
283 3903 420 3967 tulerant
432 3902 579 3967 honores.
624 3899 708 3965 Hinc
723 3899 1027 3992 obtrectatio,‹quae

67 4019 160 4098 facile
183 4006 337 4085 tinette
359 4035 460 4108 genua
483 4025 588 4093 vexat,
609 4011 737 4081 suborta
758 4026 827 4086 esta
845 4027 878 4078 et
897 4028 932 4085 ut
944 4012 1025 4088 lere,
