2618 4934
626 411 667 476 77

164 642 237 692 κσσς
259 617 321 681 υἱεῖ
340 613 484 696 Φιλήμων
503 618 523 679 ό
546 618 686 697 Κωμσκὸσ
710 616 888 694 ducimur
910 621 946 686 ἐν
969 619 1130 708 Ὑποβολι-

163 730 247 813 μαίῳ
269 726 473 811 {supprimam
495 724 529 787 in
552 725 664 811 quibus
684 726 798 791 iterum
820 729 955 814 dtprolce
968 751 1070 818 paene
1081 729 1131 794 in·

159 835 327 904 bredibilis
350 851 436 899 certa
456 834 584 922 vestigia
606 833 895 923 deprehenduntur.
940 840 1070 903 Utinam
1083 839 1132 902 in·

163 949 304 1038 tegriora
319 960 514 1032 superessent
528 944 721 1010 criticorum
739 946 860 1011 scholia
874 947 914 1012 ad
932 949 988 1013 Ar.
1007 949 1133 1013 Thermi

169 1057 246 1123 215.
262 1056 322 1138 ubi
332 1077 416 1118 nunc
432 1052 547 1142 legitur
561 1069 699 1121 tantum:
723 1066 820 1124 ταῦτα
839 1060 872 1124 δὲ
891 1059 1002 1147 ἔλαβεν
1019 1063 1053 1125 ἐκ
1072 1063 1135 1127 τῶν
1160 1086 1164 1093 ·

164 1167 290 1235 Ἰδαίων
314 1165 480 1251 Κρατίνου.
527 1163 686 1252 Nusquam
702 1184 906 1256 apparerent,
930 1170 1062 1258 opinor,
1079 1191 1135 1234 ne·

166 1267 228 1364 uate
248 1275 300 1339 isti
314 1275 576 1359 Ἐμπισράμεαοι,
599 1297 702 1362 neque
725 1276 854 1356 Ἰδαῖοι,
883 1276 1000 1343 nedum
1023 1279 1135 1363 Ἐμπι-

167 1393 357 1473 πράσακσιῆ
383 1385 520 1460 Ἰδαῖοι,
552 1406 653 1471 quae,
677 1386 883 1473 probantibus
900 1384 1073 1452 'Meinekio
1103 1403 1136 1455 et

167 1497 320 1587 Bergltio',
351 1509 552 1562 commentus
578 1512 625 1560 est
648 1495 840 1562 Diodorlins.
894 1497 978 1562 Nam
1003 1498 1137 1563 multum
1243 1480 1246 1485 ¹

170 1631 300 1690 vereor,
320 1629 361 1671 ne
382 1603 564 1669 ludificetur
584 1605 669 1668 ¹viros
691 1603 803 1670 doctos
823 1604 942 1670 fallacis
963 1607 1137 1672 Aristobuli

157 1718 358 1798 auctoritas,
377 1716 504 1802 quiam
525 1729 708 1805 corruptum
728 1714 871 1780 scholion
889 1715 1068 1804 descripsit,
1084 1731 1138 1781 aut

177 1829 247 1916 ipse
274 1849 295 1890 a
321 1823 454 1889 librariis
479 1840 645 1914 corruptus
673 1839 736 1890 est:
765 1823 837 1889 vide
860 1839 965 1889 autem
993 1823 1035 1889 ad
1063 1846 1138 1912 quas

178 1935 314 2026 argutias
336 1933 395 1998 viri
413 1933 566 2023 ingeniosi
588 1933 637 1998 his
658 1933 822 1997 titulorum
845 1931 1000 2022 figmentis
1021 1931 1140 2022 delapsi

172 2047 236 2111 sint
256 2068 307 2134 ap.
333 2039 475 2110 Meinek.
500 2045 630 2132 Fragm.
658 2044 743 2110 Com.
763 2067 835 2134 png.
863 2041 916 2123 54.
964 2044 1139 2134 Augehitur

172 2172 277 2223 autem
296 2155 433 2245 auspicio
447 2155 483 2219 in
503 2178 593 2236 eum,
610 2156 664 2242 qui
678 2178 773 2242 supra
787 2155 882 2220 etiam
898 2154 992 2219 aliam
1007 2155 1137 2219 Cratino

172 2267 313 2332 fabulam
337 2263 485 2329 omnibus
507 2263 680 2329 inauditam
700 2264 796 2328 stulte
818 2263 939 2330 affinxb
962 2288 1035 2354 pag.
1059 2263 1136 2354 738.

173 2377 231 2442 uhi
246 2375 382 2464 legitur:
402 2382 554 2458 Κρατῖνος
570 2376 605 2437 ἐκ
627 2378 691 2443 τοῖς
711 2378 845 2434 Λάκωσι·

326 2505 446 2575 φοβερὸκ
464 2497 617 2574 (φθονερία
633 2497 746 2566 Iacobo.)
765 2495 920 2566 ἂκθρόσσως
936 2496 1000 2547 τίδ’
1016 2483 1052 2549 αὖ

261 2593 416 2660 Κταμέκως
431 2595 475 2645 ἐπ’
492 2592 614 2656 ulceratus
630 2590 791 2657 καυχᾶσθαι
808 2587 889 2653 μέγα.
961 2606 965 2615 ·

173 2731 250 2775 nam
273 2730 374 2797 neque
400 2705 562 2769 Cratinum
587 2703 668 2768 haec
691 2702 829 2767 scribere
854 2701 1008 2789 potuisse,
1037 2724 1140 2792 neque

175 2826 328 2906 umquam
352 2818 447 2883 luisse
472 2815 537 2880 eius
564 2812 764 2880 comoediam
779 2818 930 2888 Λάκωνας
951 2835 1016 2878 non
1031 2812 1142 2881 fefellit

174 2927 369 2995 Meinekium
391 2929 520 3015 Frcgm.
538 2925 628 2991 Post.
654 2925 741 2990 Com.
763 2947 797 3011 p.
815 2947 870 3011 72.
888 2923 942 3012 qui
958 2918 1074 2991 vellem
1089 2926 1142 2991 hic

174 3039 378 3120 substitisset,
401 3053 433 3103 et
455 3059 528 3101 suos
549 3034 729 3100 Aristobulo
745 3056 868 3100 errores
881 3033 1071 3123 reliquisset,
1087 3060 1141 3103 ne·

177 3173 237 3239 que
258 3148 395 3215 finxisset
415 3147 590 3227 senarium,
611 3145 699 3210 cuius
717 3144 770 3211 vel
788 3146 1018 3212 recentissimae
1032 3147 1141 3212 aetatis

178 3267 369 3348 poetastrum
386 3259 582 3350 poeniteret:

319 3387 374 3442 Ἐκ
390 3397 449 3448 τοῖς
465 3389 574 3439 Λάκωσι
590 3386 728 3457 φθονερὸν
745 3383 900 3456 ἀνθρώποις
916 3384 995 3439 πίλα

321 3481 474 3544 Κταμέκως
499 3499 524 3534 κ.
542 3496 570 3529 τ.
589 3478 615 3533 λ.

225 3592 300 3658 Non
325 3593 424 3658 multo
449 3595 569 3658 acutius
592 3593 625 3658 in
651 3589 836 3656 Philemone
856 3587 935 3654 vidit
948 3586 1142 3657 Graecorum
1209 3616 1212 3621 ·

182 3706 371 3769 insectator:
394 3726 468 3768 nam
492 3725 594 3791 neque
616 3704 732 3767 A'raros
757 3700 833 3764 lecit
854 3697 1016 3783 Cocalum,
1040 3723 1141 3790 neque

174 3815 369 3896 Philemon,
396 3812 482 3901 quod
502 3811 669 3878 absurdum
688 3825 736 3876 est
752 3807 814 3899 (1),
836 3810 942 3900 paucis
957 3809 1067 3877 leviter
1082 3813 1141 3878 im·

189 3953 486 3979 μ--ι-ι-υ-ι

217 4031 260 4100 (1)
277 4028 405 4100 Lepidum
422 4036 472 4094 cst,
490 4024 558 4096 quod
572 4006 716 4080 'narratur-a
730 4024 870 4096 Porphyrio
882 4026 950 4097 apud
963 4027 1059 4082 umen
1068 4027 1146 4082 RE.
1192 4050 1195 4057 ·
