2618 4934
668 373 710 435 67

195 592 244 643 est
265 577 305 640 ab
321 573 532 660 Aristophane
555 583 645 646 Δῆμος
669 578 829 647 Πνυκίτης,
857 583 1166 657 transtorrentem,

197 709 292 776 quem
308 681 425 748 deiude
439 681 653 772 produxerunt
667 677 743 742 item
761 678 833 761 alii,
851 679 939 767 quod
955 680 996 748 de
1011 684 1168 774 Eupolide

196 794 458 863 verisimillimum
473 802 534 873 est,
551 799 719 854 etcertum
735 787 775 852 de
791 788 941 874 Platone,
960 795 1047 858 euius
1059 794 1167 863 locum
1252 873 1254 878 ,

195 930 290 996 supra
305 928 378 995 pag.
391 903 443 967 31.
460 901 630 967 attulimus.
654 896 717 963 Sed
733 896 888 964 dictiones
903 917 935 965 et
952 905 1120 971 versiculos
1135 923 1181 973 et·

193 1017 285 1081 tritas
299 1013 466 1080 sententias
481 1011 522 1075 ah
535 1010 604 1075 aliis
620 1008 782 1091 suffurari,
798 1008 832 1072 id
845 1032 921 1075 vero
936 1014 1071 1101 antiquis
1085 1017 1166 1083 Atti.
1197 1031 1202 1036 ·

194 1123 417 1212 corumpoetis
435 1119 516 1186 adeo
532 1118 696 1209 indiguum
706 1133 768 1201 est,
783 1133 818 1182 ut
828 1142 924 1186 nemo
939 1145 1051 1189 eorum
1063 1126 1165 1193 huius·
1184 1206 1186 1210 Α
1242 1139 1244 1144 ’

164 1297 165 1307 ,
193 1232 282 1300 modi
292 1231 493 1299 sterilitatem
502 1229 721 1319 ingeniiiniis,
730 1251 808 1316 quos
821 1229 933 1296 oderat
943 1244 976 1296 et
986 1236 1165 1323 spernebat,
1217 1213 1220 1219 Ι

192 1344 242 1410 vel
257 1341 408 1432 suspicari
426 1340 581 1429 ‚potuerit
633 1337 768 1404 Nonnisi
794 1339 828 1404 in
850 1344 1035 1409 recentioris
1057 1349 1166 1412 aetatis
1219 1413 1222 1418 ,

192 1455 342 1519 Comicus
362 1450 449 1516 cadit
476 1451 536 1515 ista
556 1449 712 1536 suspicio,
735 1449 790 1535 qui
814 1451 866 1513 vel
886 1452 1073 1544 subfrigidas
1089 1457 1165 1522 al'o·

191 1588 263 1631 rum
277 1564 406 1631 facetias
421 1563 455 1626 in
471 1582 526 1624 sua
541 1559 681 1624 carmina
699 1556 899 1646 impudenter
915 1481 1161 1649 transferendi,

190 1683 279 1753 cuius
300 1681 348 1773 rei
361 1679 461 1745 multa
476 1691 509 1741 et
523 1674 682 1740 luculenta
701 1675 846 1769 exempla
860 1678 1038 1745 Athenaeus
1053 1681 1164 1749 sedulo
1203 1760 1206 1766 .

190 1791 345 1867 indicavit
360 1791 387 1854 1.
405 1787 460 1853 25.
476 1786 516 1854 F.
533 1787 591 1850 111.
610 1786 664 1865 84.
687 1783 745 1853 VI.
764 1785 838 1851 262.
856 1788 898 1853 D.
919 1811 1109 1877 quamquam
1123 1817 1164 1867 ne

192 1903 330 1965 istorum
343 1896 468 1986 quidem
484 1919 724 1985 quemcunque,
749 1917 829 1983 quos
842 1913 969 1964 constat
983 1923 1050 1968 esse
1064 1900 1163 1982 fures,

196 2010 269 2075 satis
289 2023 375 2074 reete
395 2009 494 2101 plagii
510 2031 640 2098 arguas,
663 2007 738 2093 quia
762 2016 789 2074 tt
809 2015 909 2086 ἀγορᾶς
933 2013 961 2068 υ
981 2019 1032 2085 eye
1050 2019 1169 2088 ‘straus-

189 2149 241 2195 ραι
258 2132 358 2200 ,rtem
373 2130 437 2183 τινά
461 2142 499 2193 ac
517 2118 630 2183 similia
649 2116 779 2197 dixerit,
803 2130 897 2202 atque
916 2113 950 2178 id
964 2116 1029 2183 iam
1044 2117 1085 2182 ab
1096 2118 1167 2192 edio

192 2233 343 2321 quopiam
369 2229 492 2294 dictum
508 2253 580 2301 esse
607 2224 863 2315 deprehenderis.
909 2225 1013 2291 Sensit
1035 2225 1070 2291 id
1095 2228 1163 2319 ipse

191 2343 359 2431 Bergkius,
379 2360 474 2426 quare
488 2361 557 2413 rem
577 2337 626 2399 his
652 2335 843 2421 argumentis
862 2332 992 2398 dubiam
1021 2337 1164 2407 Clemen-

190 2453 231 2519 tis
242 2447 448 2516 Alexandrini
458 2446 642 2538 gravissima
653 2440 841 2505 auctoritate
853 2440 1035 2522 confirmat,
1046 2447 1163 2535 quippe

192 2564 246 2650 qui
259 2560 381 2625 disertis
394 2561 500 2625 verbis
515 2559 551 2620 in
566 2553 678 2624 Situm.
700 2549 749 2613 VI.
758 2571 792 2637 p.
806 2546 882 2634 752.
901 2547 989 2633 Pott.
1005 2551 1165 2638 scripserit

189 2673 288 2736 haec:
312 2672 445 2740 Hidros
474 2671 514 2732 δὲ
533 2667 558 2731 o‘
582 2664 710 2743 κωμικὸς
738 2661 791 2724 καὶ
822 2657 1031 2744 'liettardum
1060 2665 1095 2731 ἐν
1117 2672 1161 2751 τῷ

193 2780 340 2865 Δαιδάλῳ
357 2784 396 2847 τὰ
415 2773 555 2857 ἀλλήλων
573 2776 784 2858 ὑφαιροῦνται,
828 2766 979 2852 Accedit,
994 2769 1082 2859 quod
1090 2772 1163 2839 Pla·
1200 2816 1205 2847 c

191 2889 277 2954 tonis
297 2912 316 2952 e
330 2887 475 2957 Daedalo
486 2884 712 2973 fragmentum,
728 2876 816 2966 quod
829 2878 945 2969 legitur
960 2880 1044 2970 apud
1059 2882 1160 2951 Scho-

190 2999 274 3064 liast.
288 2996 328 3062 ad
338 2998 436 3062 Arist.
448 2993 556 3063 Nubes
566 3016 613 3058 vs.
627 2989 704 3077 659:
722 2994 756 3059 ἐν
770 2995 814 3074 τῷ
825 2991 992 3076 Himeros
1004 2996 1160 3087 Δαιδάλῳ.

186 3117 298 3170 'Estote
331 3115 435 3168 nouat
464 3113 518 3165 τῶν
556 3109 742 3181 ἀλεκτρυόνων
772 3103 825 3168 καὶ
856 3113 1001 3182 ‘Fortuna
1025 3119 1166 3185 τίκτουσιν
1250 3187 1254 3193 ,

188 3224 223 3293 ᾠὰ
239 3226 386 3289 πολλάκις,
414 3213 500 3278 idem
523 3209 636 3279 iisdem
656 3211 758 3276 verbis
784 3212 902 3279 lectum
920 3215 1063 3281 fueritin
1078 3218 1160 3280 Dae»

157 3405 160 3411 ι
191 3323 263 3386 delo
289 3325 532 3413 Aristophanis,
565 3317 650 3408 apud
678 3321 795 3386 Athen.
819 3322 877 3389 IX.
909 3347 983 3412 pag.
1013 3325 1090 3414 374.
1118 3326 1160 3401 E.

190 3432 398 3517 Ἀριςοφάνης
418 3437 453 3500 ἓν
467 3437 511 3518 τῷ
532 3430 689 3515 Δαιδάλῳ·
711 3438 822 3491 notter
838 3439 892 3493 τῶν
909 3439 1095 3512 ἀλεκτρυόνων
1113 3445 1166 3517 βίᾳ

198 3549 342 3614 Υπηνέμνα
357 3552 498 3602 τίκτουσιν
516 3547 554 3618 ᾠὰ
567 3524 706 3608 πολλάκις.
730 3561 824 3627 quem
844 3554 1015 3626 sequuntur
1030 3539 1160 3607 photius

193 3663 225 3713 et
240 3643 362 3712 Suidas.
391 3649 499 3736 Itaque
515 3647 573 3714 hoc:
588 3656 689 3737 irarum
708 3648 866 3728 Clemens,
888 3647 994 3713 iudice
1009 3649 1159 3740 Bergkio,

192 3760 246 3824 illo
271 3758 339 3822 loco
363 3758 529 3840 indicavit,
558 3775 751 3850 quapropter
774 3781 897 3840 omnes,
928 3782 1005 3846 quos
1031 3760 1159 3848 quidem

194 3869 357 3951 noverim,
386 3868 469 3932 hanc
495 3890 563 3936 rem
585 3872 653 3935 sine
677 3871 893 3938 controversia
911 3869 1079 3939 diremtum
1094 3897 1159 3940 esse

194 3980 304 4046 faciles.
314 3974 485 4046 credidisse
500 3976 656 4060 ridentur.
