2618 4934
659 327 696 432 6.

184 561 247 662 qua
261 578 453 639 crescentem
467 567 661 636 Comoediae
674 570 895 659 petulantiam,
912 594 1006 662 quam
1023 575 1143 643 civibus

180 684 384 774 gratisiimam
406 679 548 764 videbat,
571 687 720 746 coercere
739 681 859 748 noluit:
883 683 1028 749 sollerter
1049 686 1143 752 intel·

178 794 277 886 ligens
294 794 342 858 his
355 799 520 884 potiturum
533 791 613 856 iocis
623 790 742 880 placari
754 793 851 883 magis
861 793 1012 860 invidiam
1026 797 1142 863 civium

179 926 273 993 qnam
300 902 437 969 incendi.
480 898 604 966 Deinde
630 901 905 988 initioPericlea,
929 928 1026 994 quum
1049 908 1141 972 variis

176 1012 378 1080 inimicorum
407 1009 526 1077 insidiis
556 1026 588 1074 et
621 1011 810 1077 sandonibus
840 1016 1138 1104 circumueniretur,

92 1154 94 1165 ·
178 1140 306 1191 coactus
337 1139 385 1189 est
414 1121 564 1212 pleraque
589 1121 758 1212 gratificari
772 1109 928 1212 populo,
958 1142 1141 1216 exspectans

175 1235 308 1300 meliora
324 1249 483 1322 tempora,
499 1224 609 1320 quibus
624 1228 875 1298 adversariorum
889 1250 977 1300 metu
986 1236 1138 1302 liberatur

173 1343 327 1434 populum
351 1341 402 1407 vel
422 1341 583 1406 nolentem
606 1339 647 1406 ad
661 1340 826 1408 meliorem
840 1343 962 1435 frugem
979 1361 1012 1411 et
1026 1344 1137 1412 mode·

173 1453 265 1518 etiam
287 1452 471 1518 reducturus
492 1462 585 1519 essen

174 1601 180 1609 ·
215 1561 373 1646 Quamdiu
384 1562 633 1653 igitanericles,
645 1578 680 1627 ut
690 1561 820 1655 pulchre
832 1563 1134 1656 aitPlutarchua(1),

172 1691 239 1742 erat
262 1681 419 1765 χειροήθης
439 1679 482 1761 τῷ
503 1676 588 1759 δήμῳ
608 1677 660 1740 acri
683 1676 787 1765 ῥᾴδιος
807 1679 942 1746 datricem
958 1682 1010 1744 καὶ
1022 1695 1141 1750 'curer'

172 1788 291 1855 ’διδόναι
318 1794 385 1862 ταῖς
411 1786 609 1864 ἐπιθυμίαις,
637 1784 737 1872 ὥσπερ
759 1794 885 1864 πνοαῖς,
909 1793 972 1856 τῶν
993 1789 1132 1868 aalma,

171 1893 248 1964 fieri,
261 1894 351 1957 aliter
371 1916 437 1956 non
452 1892 572 1981 potuit,
597 1892 671 1980 quin
686 1895 841 1960 comicant
856 1894 981 1960 Musam
996 1901 1135 1984 quamvis

169 1999 399 2096 proterviorem
414 2001 523 2068 ludere
536 2018 589 2067 aut
604 2005 776 2070 conviciari
787 2027 888 2092 nequo
904 2006 1010 2069 animo
1025 2029 1133 2094 passus

169 2110 235 2198 εἰη
257 2130 312 2178 aut
335 2113 429 2179 etiam
450 2136 489 2178 ex
509 2113 572 2178 suis
596 2117 710 2205 opibus
735 2113 910 2179 fabularum
934 2113 1128 2183 edendarum

169 2223 434 2314 magnificentiam
457 2226 592 2290 auxerit:
620 2227 654 2289 in
681 2246 773 2313 quam
800 2227 985 2298 sententiam
1004 2229 1130 2319 egregie

170 2335 319 2427 explicari
333 2336 453 2424 ¹poterit
471 2335 631 2402 Plutarchi
645 2335 733 2400 locus
744 2333 806 2424 (a),
821 2337 875 2400 ubi
891 2337 1000 2417 ἄλλαις
1019 2368 1052 2407 τε
1074 2370 1130 2427 μι-

168 2453 331 2533 σθοφοραῖς
352 2450 404 2512 καὶ
427 2448 581 2534 χορηγίαις
603 2448 786 2520 συνδεκάσας
806 2451 842 2512 τὸ
861 2447 979 2531 πλῆθος
994 2448 1125 2518 dicitur:

165 2581 241 2623 nam
265 2581 331 2623 non
357 2559 460 2648 potuit
482 2560 580 2647 magis
607 2555 781 2622 abblandiri
809 2556 946 2640 civibus,
970 2582 1063 2645 quam
1088 2584 1128 2628 ea
1176 2540 1181 2546 ⁹

167 2668 327 2752 ornando,
350 2691 429 2757 quae
444 2685 477 2733 et
491 2667 726 2732 oblectamento
740 2685 830 2734 crant
843 2683 875 2734 et
888 2668 1128 2737 libertaticum-

165 2777 225 2844 dne
249 2802 315 2845 esse
336 2781 538 2871 putabantur.
582 2777 627 2840 At
648 2777 754 2839 nesio
775 2777 901 2864 quidem
922 2781 1127 2849 Comicorum

166 2889 406 2956 mordacitatem
429 2886 556 2976 effugit,
578 2885 631 2973 qui
657 2884 807 2973 quidquid
828 2888 862 2951 in
876 2909 945 2978 rep.
964 2892 1045 2957 male
1059 2895 1127 2983 geri

164 2998 341 3085 videbatur,
365 2997 520 3064 Periclem
546 2995 721 3086 arguebant
746 3012 801 3061 aut
826 2998 1008 3067 abutentem
1027 3002 1126 3068 nimia

165 3115 350 3177 auctoritate
366 3119 419 3173 aut
433 3102 597 3171 socordius
612 3119 764 3171 utentem.
811 3106 852 3170 Et
866 3111 950 3175 circa
964 3110 1042 3174 haec
1057 3110 1124 3177 fere

164 3237 323 3313 tempora,
345 3240 382 3282 ea
403 3215 491 3300 dico,
514 3217 625 3303 quibus
646 3240 719 3284 cum
734 3216 857 3286 Pericle
872 3231 1016 3310 potentes
1031 3222 1125 3287 nobi·

163 3328 240 3398 lium
256 3328 413 3398 -factionea
434 3326 475 3390 de
495 3327 672 3416 principatu
692 3329 941 3414 contendebant,
963 3347 1055 3419 atque
1070 3333 1123 3398 hic

163 3442 308 3507 omnibus
327 3436 444 3502 artibus
461 3436 590 3502 incensa
603 3438 705 3529 plebis
719 3440 754 3504 in
768 3464 801 3506 se
818 3439 920 3506 studia
935 3441 1123 3510 confirmare

163 3550 337 3631 nitebatur,
358 3548 501 3638 suspicor
519 3551 660 3616 comicos
676 3549 824 3618 audacius
838 3550 966 3640 aliquod
981 3570 1013 3618 et
1027 3580 1124 3636 κωμι-

162 3667 292 3750 ιιόιτεροι
307 3681 373 3724 csse
388 3660 535 3744 molitos,
560 3661 646 3750 quod
664 3662 743 3728 boni
758 3663 843 3729 cives
856 3662 890 3728 in
905 3686 1025 3730 summa
1041 3662 1123 3728 indi·

194 3917 237 3988 (1)
256 3918 287 3970 In
303 3919 400 3972 Pericl.
416 3936 472 3989 cap.
489 3917 545 3970 XV.
663 3938 666 3943 ·

194 4001 237 4072 (2)
255 4003 286 4055 ln
303 4004 398 4058 Pericl.
415 4019 474 4071 cup.
491 3998 536 4053 tx.
