2618 4934
610 398 669 463 tto

161 607 288 673 tarchus
302 595 356 670 aut
370 605 547 692 quicunque
560 602 685 692 scripsit
697 603 739 667 de
752 611 805 668 ait.
823 606 869 671 X.
890 605 980 671 Orat.
995 610 1027 696 p.
1043 608 1119 676 836.

162 717 223 782 ΕΛ
246 717 322 784 ὅθεν
349 718 392 790 εἷς
417 719 486 789 rode
511 713 621 788 αυλσιλς
652 715 863 800 κεκωμῴδηται
890 712 921 803 (o‘
942 714 1122 807 ’Iouepdrffl

164 826 217 894 ὑπ’
234 825 457 913 ’Antandrum
470 827 523 890 aci
542 824 749 911 erlmtdoc:
770 826 1122 913 nempe'oontumeliose

163 937 353 1024 αυλυτρυπιγς
374 934 588 1001 dictitabatur.
624 930 700 1000 vid.
723 932 863 1000 Meinek.
879 935 1009 1024 Frugm.
1027 937 1066 1001 P.
1086 936 1121 1003 C.

163 1048 413 1228 ΡλλΙλὶΑῑλιεσ.
438 1154 698 1246 V11.pag.315.
721 1157 760 1222 C.
782 1154 917 1224 Πλάτων
936 1155 1125 1240 Κλεοφῶντι.

432 1278 462 1332 oi
478 1280 531 1348 γὰρ
546 1280 618 1349 γραῦ
635 1279 834 1349 συγιιιτᾴιιισευ
849 1280 957 1351 σαπρὰν

202 1386 225 1441 ,'
322 1369 441 1442 Ὀρφῷσι
458 1370 596 1437 σελσγλοις
612 1387 645 1422 τε
662 1370 711 1420 καλ
727 1371 836 1440 φάγροις
850 1372 948 1442 βορόν.

208 1486 351 1574 Apparet
366 1481 551 1572 compellari
572 1495 704 1546 matrem
719 1481 940 1571 Cleophontis,
964 1504 1059 1548 anum
1071 1483 1127 1551 de·

165 1594 338 1682 crepitant:
359 1590 416 1657 sed
430 1614 497 1655 nou
519 1605 640 1655 tantum
661 1591 800 1672 numeri,
817 1590 874 1656 sed
889 1606 956 1657 tota
970 1594 1124 1660 sententia

164 1705 301 1771 laborat.
346 1704 506 1767 Porsonus
521 1701 554 1764 in
568 1701 703 1768 Adaei-s.
716 1724 750 1790 p.
767 1723 822 1788 99.
840 1701 995 1770 coniecit:
1011 1709 1057 1771 Σὲ
1070 1711 1129 1792 γὰρ

164 1814 242 1902 (ric,
258 1809 296 1900 ὦ)
317 1819 409 1896 γραῦ,
438 1837 468 1877 ιι.
490 1836 518 1878 τ.
541 1812 569 1877 λ.
613 1809 950 1901 FritzsohiusQuaest.
972 1816 1072 1879 Arist.
1094 1837 1127 1903 p.

171 1920 247 1986 255.
283 1923 400 2007 Τσλγαρ
419 1945 451 1987 σε
466 1926 540 2004 γραῒ
560 1923 783 2003 συγκατῴκισεν
806 1929 908 2006 σαπρᾷ
929 1946 958 1986 ιι.
978 1947 1004 1988 τ.
1028 1921 1128 1987 baed

166 2054 233 2096 non
252 2031 408 2094 immerito
427 2029 485 2093 sibi
502 2028 569 2117 ipse
586 2050 653 2092 non
666 2027 826 2094 satisfacit.
871 2030 1017 2094 Ceterum
1033 2031 1128 2098 colle·

167 2143 213 2232 git
228 2162 265 2205 er
279 2141 327 2204 his
340 2138 442 2204 verbis
455 2136 629 2204 Meinekius
646 2139 689 2205 H.
710 2138 745 2205 C.
763 2138 798 2205 C.
815 2162 850 2228 p.
869 2162 942 2228 172.
960 2140 1128 2207 Platonem

145 2253 256 2316 istam
270 2248 427 2315 aniculam
435 2246 578 2335 piscibus
591 2247 802 2312 devorandam
819 2247 979 2316 obiecisse.
1025 2249 1126 2315 Orna-

165 2361 212 2427 vit
231 2382 304 2425 eam
323 2357 533 2447 suspicionem
548 2354 736 2419 Fritaschius
750 2355 784 2418 iu
798 2358 871 2419 Act.
886 2357 955 2421 Soc.
974 2359 1031 2424 Gr.
1046 2360 1075 2426 Ι.
1096 2383 1125 2426 t.

167 2494 201 2560 p.
219 2469 291 2535 133.
300 2468 355 2533 ubi
369 2467 475 2532 multis
491 2462 641 2552 exemplis
657 2461 795 2526 ostendit
806 2462 954 2527 Comicus
968 2463 1002 2527 in
1015 2464 1129 2532 fabulis

120 2616 124 2627 ·
166 2578 288 2644 vetulas
314 2576 426 2642 belluis
453 2573 594 2637 obiicere
619 2567 825 2636 devorandas.
870 2573 920 2637 Ac
937 2594 1011 2638 sane
1025 2576 1129 2662 potnit

168 2687 215 2751 sic
229 2684 295 2749 ludi
310 2686 419 2750 iocosa
440 2683 616 2747 imitatione
639 2677 862 2744 Andromedae
876 2681 1079 2772 Euripideae,
1094 2701 1129 2751 ut

170 2797 205 2861 in
222 2796 407 2883 Thesmoph.
422 2816 468 2861 vs.
488 2791 581 2858 1032.
598 2798 680 2875 ιη’τει
691 2794 767 2880 βορά
780 2791 944 2882 Γλαυκέτῃ
956 2801 1129 2882 apiarium:

171 2906 277 2998 potuit
290 2906 385 2971 etiam
403 2904 470 2969 aliis
485 2902 602 2983 modis,
618 2900 674 2967 sed
689 2923 754 2989 quo
768 2917 864 2991 pacto
877 2903 998 2989 eloco,
1013 2905 1129 2998 dequo

170 3017 306 3106 agimus,
321 3012 499 3079 huiusmodi
511 3010 587 3100 quid
598 3011 696 3100 possit
706 3012 868 3096 extricari,
880 3014 985 3080 fateor
999 3040 1127 3085 menon

169 3125 364 3214 intelligeret
387 3123 472 3212 quod
498 3144 600 3209 neque
615 3124 851 3202 nortmannicam
864 3124 897 3188 in
912 3126 971 3191 ista
993 3151 1030 3192 re
1052 3130 1129 3216 poni

171 3237 292 3324 potuit,
315 3257 418 3323 neque
441 3257 461 3298 a
484 3233 562 3298 cetis
582 3247 635 3296 aot
650 3232 716 3297 aliis
737 3232 850 3303 belluis
864 3233 919 3298 sed
933 3259 952 3300 a
966 3237 1131 3302 minutissi-

172 3344 233 3409 mis
259 3344 416 3433 pisciculis
444 3342 586 3408 aniculae
612 3343 755 3409 imminet
780 3343 923 3427 exitium,
942 3346 1045 3434 qualia
1059 3363 1131 3413 sunt

172 3453 306 3540 σελάχια.
354 3453 489 3518 Felicius
514 3451 672 3541 ingenium
695 3451 848 3534 inveniet,
875 3475 984 3542 spero,
1013 3455 1131 3542 aliquid

173 3564 336 3653 ingenioso
351 3562 450 3629 Poeta
465 3561 605 3651 dignum.
650 3563 713 3627 Ista
731 3575 834 3626 autem
849 3562 996 3649 σελαχίων
1010 3566 1129 3631 mentio

175 3669 325 3738 admonet
335 3671 498 3760 fragmenti
506 3670 667 3760 Eupolidis
678 3669 856 3736 etiamnunc
868 3671 980 3736 misere
990 3672 1132 3740 laboran-

171 3783 234 3867 tis,
251 3781 301 3846 cui
317 3781 419 3846 obiter
433 3803 528 3868 opem
541 3780 623 3847 ferre
638 3778 832 3845 conabimur.
868 3779 970 3844 Locus
985 3798 1032 3846 est
1047 3784 1131 3874 apud

170 3892 317 3961 Erotion.
349 3890 401 3958 Gl.
424 3891 520 3978 Hipp.
546 3915 580 3980 p.
609 3889 684 3971 348.
722 3889 913 3978 Σελαγίυισι,
938 3899 1000 3969 τοῖς
1019 3903 1133 3983 μικροῖς

174 4002 331 4090 ἰχθυδίοις.
353 4033 396 4048 -
416 3998 582 4085 Μέμνηται
601 4040 641 4053 -
658 3999 792 4077 Εὔπολις
812 4004 847 4070 λυ
865 4003 952 4080 Alli
965 4003 1071 4084 λέγων.
1090 4008 1131 4077 ὥς
