2618 4934
533 369 571 435 81

57 581 128 643 'sitae
142 575 273 644 nomine
285 580 400 664 poetae
415 572 607 658 Eustathius,
624 599 658 666 p.
679 580 777 668 1479,
791 579 852 663 28,
869 573 922 668 qui
937 572 1027 648 omit¹

58 690 99 752 tit
114 689 362 776 ἐνίοτε-βλᾳ-ᾡά.
402 685 505 751 Miror
519 708 585 751 non
602 686 721 752 dudum
738 690 822 754 istud
838 697 905 781 βια,
922 710 1026 758 ortum

59 821 98 863 ex
111 814 260 886 corrupta
273 799 426 884 scriptura
440 798 528 862 vocis
538 799 705 882 ὑπηνέμια,
719 822 784 864 esse
795 798 944 867 deletum:
958 817 1027 867 tunt

37 902 42 913 ’
59 909 252 974 vocabulum
264 909 359 976 ἐνίοτε
370 908 503 994 quicum
515 910 660 984 πολλάκις
669 911 741 974 satis
750 911 832 976 bene
844 915 1024 994 conveniat,

58 1041 156 1084 nemo
172 1016 300 1082 dixerit:
328 1015 384 1082 sed
399 1040 474 1082 vere
489 1019 681 1102 Brunckius,
708 1020 758 1083 oui
777 1022 921 1087 homines
936 1022 1025 1089 docti

57 1151 170 1217 parere
184 1128 373 1209 debuerant,
388 1127 581 1195 scholiastae
597 1151 662 1193 esse
675 1131 814 1212 monuit,
832 1134 885 1219 qui
900 1143 1026 1221 saepiam

57 1262 98 1304 eo
119 1263 233 1328 genere
247 1261 416 1304 occurrere
433 1261 549 1303 nomen
570 1241 741 1325 ἀλεκτρυών
757 1242 924 1308 ostendere
939 1245 1023 1311 hole-

31 1344 35 1351 ’
57 1350 124 1415 bat.
168 1351 251 1415 Nam
273 1348 359 1437 quod
376 1350 573 1415 Hermanuus
592 1350 631 1415 ad
646 1351 773 1416 Suidam
787 1370 959 1442 provocat,
979 1353 1023 1418 nil

60 1460 122 1524 nisi
149 1461 214 1525 iam
241 1459 319 1524 olim
340 1461 386 1524 sic
403 1476 540 1523 erratum
562 1483 626 1526 esse
641 1462 835 1550 intelligitur.
881 1464 962 1528 'l'um
977 1465 1025 1529 lo·

59 1592 137 1637 eunt.
150 1571 285 1660 argutius
299 1571 408 1635 vertit:
426 1568 498 1634 vide
510 1570 648 1635 Meinelr.
659 1574 787 1660 Fragm.
805 1572 921 1659 p.620.
947 1574 1026 1639 Por·

58 1681 130 1745 soni
155 1681 192 1750 ἕο
206 1682 251 1756 'ier
276 1682 311 1745 iu
331 1679 509 1745 huiusmodi
529 1679 617 1745 dieto
636 1683 730 1745 nimis
744 1681 945 1770 magnificum
959 1700 1032 1774 est,¹

59 1805 94 1853 et
106 1791 222 1854 rectius
237 1789 403 1875 exquisitae
417 1805 449 1853 et
462 1813 564 1855 norae
577 1791 749 1856 sententiae
761 1793 1024 1880 praemitteretum

61 1896 168 1964 Credo
181 1900 228 1965 eie
240 1921 386 1965 numeros
400 1902 520 1990 expleri
531 1924 642 1990 possea

119 2060 229 2126 Hittat
249 2066 303 2128 adr
322 2065 526 2148 ἀλεκτρυόνων,
547 2077 640 2146 (γύναι
650 2076 674 2148 ,)
690 2076 846 2146 Ὑπηνὲμια
864 2089 889 2131 a·
900 2094 926 2130 τ.
938 2068 985 2153 λ..

102 2230 170 2295 lam
189 2243 295 2296 autem
313 2232 382 2318 quis
396 2254 487 2296 sanus
510 2232 619 2295 credat
633 2238 747 2318 poetae
765 2234 930 2322 ingenioso
945 2231 1025 2299 adeo

59 2363 127 2405 rem
143 2356 305 2431 angustam
320 2339 412 2406 fuisse
427 2339 534 2417 domi,
555 2356 590 2401 ut
603 2339 783 2401 huiusmodi
800 2340 937 2406 dietum:
959 2345 1028 2429 gal·

59 2450 143 2515 linae
152 2474 247 2538 saepe
261 2472 318 2514 ora
329 2457 420 2513 irrita
428 2452 572 2533 pariunt,
587 2467 653 2506 non
666 2444 750 2506 ultro
762 2446 903 2508 invenire
916 2464 1028 2533 potue.

52 2548 126 2623 rit?
153 2557 250 2639 Quod
265 2579 362 2646 quum
378 2557 418 2618 sit
434 2550 621 2634 absurdum,
638 2569 778 2640 superest
793 2568 828 2616 ut
841 2568 1028 2638 statuamus,

57 2683 225 2755 corruptos
238 2656 323 2732 ιολίιῑι
343 2664 437 2728 fuisse
456 2661 744 2728 Grammaticorum
760 2665 1026 2749 Commentarios,

57 2775 145 2843 unde
160 2778 314 2843 Athenaei
330 2784 362 2839 et
377 2773 569 2839 Scholiastae
588 2773 678 2838 loeus
694 2774 734 2837 sit
750 2789 931 2862 excerptus:
950 2798 1026 2841 nam

57 2902 227 2974 utrumque
248 2888 332 2949 inter
346 2907 380 2950 se
393 2884 560 2973 diligenter
575 2884 773 2971 comparanti
785 2884 945 2951 ridebitur
958 2887 1026 2951 veri

61 2996 274 3077 simillimum,
290 2996 385 3060 ambo
396 3018 433 3060 ex
447 2992 562 3059 eodem
575 2994 679 3076 λοιπε,
693 2995 808 3073 Lexico
818 2996 952 3060 Comico
962 2999 1028 3085 opi·

57 3131 136 3189 nor,
152 3131 190 3173 ea
205 3107 347 3195 exempla
362 3104 557 3171 desumsisse.
575 3102 661 3184 Quid
674 3103 751 3168 olim
764 3107 915 3195 seriptum
929 3106 1024 3171 fuerit

58 3220 249 3308 perspexisse
271 3218 407 3282 arbitror
428 3215 627 3293 Dobraeum,
651 3214 685 3277 in
706 3215 837 3280 Annott.
862 3216 903 3281 ad
920 3215 1022 3281 Senot

57 3330 158 3393 Arist.
174 3328 255 3392 .Vol.
276 3328 347 3392 Vll.
370 3351 398 3391 1.
418 3349 451 3414 p.
473 3323 549 3389 206.
568 3323 663 3388 Arist.
682 3322 798 3406 Diod,
816 3325 870 3387 ubi
886 3323 1024 3411 ostendit

60 3458 154 3525 quam
173 3435 265 3501 facile
288 3460 394 3503 evera
409 3435 546 3499 lectione
571 3437 623 3499 καὶ
641 3433 735 3500 πάλιν
755 3438 789 3500 ἐν
812 3440 855 3519 τῷ
879 3434 1024 3519 Δαιδάλῳ·
1111 3468 1113 3473 >

58 3543 255 3634 compendiis
285 3547 401 3635 scripta
426 3546 512 3609 nasei
532 3545 672 3632 potuerit
690 3566 745 3625 ea,
775 3566 855 3630 quae
880 3544 935 3607 has
957 3561 1022 3611 turs

54 3657 110 3722 has
137 3656 294 3720 excitarit.
340 3659 481 3744 Apparet
500 3653 605 3734 simul,
627 3675 720 3738 quam
735 3668 875 3717 vetustae
890 3654 1024 3722 mendae

54 3762 405 3832 auctoribusinsideant:
414 3786 487 3828 nam
499 3785 578 3852 quae
590 3762 623 3824 in
635 3762 850 3850 antiquissimo
858 3762 1023 3834 Gramma·

591 3866 622 3899 m

54 3922 116 3989 tito
133 3940 204 3988 orta
218 3938 265 3988 est
279 3921 460 4012 corruptela
473 3854 623 4004 datare'iim
633 3920 768 4008 primum
784 3919 816 3982 iu
825 3920 1021 3987 Athenaeum

833 4103 868 4145 11
970 4140 973 4145 ,
1073 4126 1081 4139 .
