2618 4934
621 371 662 436 72

166 598 263 664 reque
282 572 455 639 istiusmodi
470 595 529 662 pro
548 572 659 661 plagiis
673 572 857 639 habeantur.
905 573 1036 643 Scilicet
1048 576 1129 645 nihil

164 703 211 752 est
225 686 360 766 facilius,
375 685 401 748 si
411 685 477 749 istis
487 683 675 773 argumentis
687 660 814 772 defungi
825 683 1020 769 conceditur,
1032 710 1131 774 quum

163 800 197 862 in
217 796 328 885 quovis
352 793 391 859 de
418 793 686 882 praestantissimis
712 794 918 882 scriptoribus
944 799 1129 885 antiquioris

165 905 324 973 cuiusdam
338 903 562 984 imitationem,
583 924 697 991 magno
718 902 846 991 ingenie
861 901 1040 994 indiguam,
1064 909 1127 973 sibi

164 1015 398 1106 deprehendere
418 1013 517 1078 rideri
541 1029 573 1077 et
596 1014 734 1100 opinari,
758 1025 793 1076 ut
812 1016 875 1079 huc
891 1033 978 1098 utar,
1002 1041 1040 1082 ex
1055 1042 1128 1085 ora·

162 1128 250 1191 tione
265 1123 468 1212 Thucydidea
483 1121 621 1212 pendere
631 1123 892 1208 Demosthenem,
910 1149 947 1190 ex
962 1127 1131 1195 Platonica

164 1253 197 1302 et
230 1226 475 1301 Demosthenem
512 1248 545 1296 et
570 1247 692 1297 eeteros
722 1255 842 1298 omnes.
892 1230 1129 1323 Perpendarnus

164 1369 293 1426 omnes,
312 1344 423 1432 quibus
438 1365 623 1433 magnorum
638 1341 835 1431 ingeniorum
851 1362 1055 1410 monumenta
1069 1370 1129 1412 suo

163 1456 267 1546 pretio
292 1455 455 1519 aestimare
475 1452 611 1516 studium
636 1467 697 1534 est,
720 1476 800 1540 quae
821 1440 946 1542 scripsit
966 1456 1079 1521 Bakius
1094 1459 1130 1524 in
1158 1460 1161 1465 ⁴

164 1565 249 1632 Bibl.
281 1565 357 1631 Crit.
383 1565 463 1630 Noa.
488 1562 529 1628 V.
552 1586 625 1652 pag.
652 1567 724 1648 174.
741 1585 808 1650 sqq.
837 1565 1023 1651 quibuscum
1046 1570 1131 1635 bene

165 1676 333 1742 conveniet
346 1673 496 1739 iudicium
511 1671 671 1737 Schaeferi
688 1669 728 1736 ad
736 1671 900 1739 Demosth.
916 1698 990 1766 pag.
1007 1677 1079 1743 182.
1092 1683 1126 1758 4.

139 1786 140 1791 ’
163 1787 278 1850 »Talia
293 1784 499 1849 imitabantur
513 1783 678 1846 umbratici
697 1782 853 1866 domines,
870 1798 1039 1874 temporum
1056 1797 1130 1853 cite·

163 1903 279 1960 riorum
306 1894 505 1981 cedentiaque
527 1899 732 1980 graecitatis,
762 1918 883 1959 servum
896 1921 999 1983 pecus
1024 1907 1129 1965 imita·

164 2018 281 2084 torum,
306 2027 369 2066 non
396 2016 510 2077 celeres
534 2003 580 2066 illi
596 2002 704 2066 temes
719 2002 1055 2093 rerum-hominumque
1071 2033 1132 2075 usn

164 2101 346 2181 exercitati:
363 2126 398 2176 ut
411 2121 465 2202 qui
480 2121 513 2176 ia
528 2113 706 2177 huiusmodi
718 2114 983 2201 locisagrtorcunt
997 2124 1144 2204 vestt'gia'

165 2230 366 2305 imitationis,
389 2223 463 2287 dum
488 2237 646 2290 ostentant
668 2225 843 2308 doctrinam
872 2226 910 2312 (si
926 2241 977 2290 est
995 2227 1054 2291 ista
1069 2226 1131 2292 do·

71 2410 80 2433 X
167 2337 281 2415 ctrina,
306 2356 385 2422 quae
407 2334 525 2401 iudicio
542 2336 658 2425 careat)
681 2359 830 2424 magnam
845 2337 1031 2424 capitalibus
1046 2346 1134 2428 inge·

166 2454 228 2511 niis
239 2445 356 2534 facere
382 2451 531 2510 iniuriam
557 2447 732 2512 videantur.
785 2442 849 2509 Sed
874 2442 971 2509 redeo
996 2444 1037 2510 ad
1060 2448 1133 2513 Cle-

164 2566 313 2623 mentem.

209 2667 293 2730 Vere
316 2661 468 2731 iudicarit
490 2663 692 2729 Ruhnkenius
721 2661 829 2728 locum
861 2665 972 2748 istum,
1004 2665 1045 2732 de
1069 2689 1133 2755 quo

166 2776 301 2864 aginam,
335 2796 400 2840 non
429 2793 497 2837 esse
520 2772 560 2834 ab
591 2771 662 2856 ipso
688 2770 852 2838 Clemente
871 2774 1050 2863 profectum
1078 2778 1135 2844 sed

168 2900 350 2973 excerptum
364 2907 403 2950 ex
417 2880 480 2945 alio
495 2879 661 2968 scriptore,
674 2901 768 2966 quem
784 2879 838 2946 ille
851 2901 1045 2972 sequeretur.
1070 2885 1135 2953 Sed

167 3015 262 3062 nemo
287 2989 493 3083 probabiliter
515 2990 665 3080 suspicari
680 2991 799 3080 potuit,
825 3015 921 3079 equo
938 2997 1137 3083 potissimum

169 3121 298 3172 auctore
322 3103 467 3168 Clemens
491 3104 550 3168 ista
575 3103 682 3167 omnia
702 3099 743 3165 ad
767 3102 900 3168 verbum
915 3104 1135 3191 descripserit,

168 3217 347 3309 priusquam
372 3214 524 3303 palmaria
549 3213 670 3304 prodiit
690 3210 906 3278 Valckenaerii
927 3212 1070 3278 Diatrihe
1096 3218 1135 3283 ds
1163 3195 1166 3204 ¹

169 3327 349 3395 Aristobulo
361 3326 494 3409 Iudaeo,
513 3327 623 3413 inqua
637 3339 723 3390 extra
740 3322 985 3388 controversiam
1001 3325 1136 3392 essedo

170 3440 251 3522 cuit,
265 3437 417 3504 Iudaeum
432 3438 525 3502 istum
541 3435 769 3518 Aristobulunr,
780 3454 875 3521 quum
883 3433 1132 3504 Commentarios

172 3549 213 3616 ad
224 3550 443 3639 LegesMoysis
454 3548 615 3628 scriberet,
631 3568 752 3610 summa
763 3567 824 3632 ope
839 3540 1004 3609 estendere
1016 3549 1134 3613 enisum

172 3681 255 3740 esse,
280 3658 476 3726 Graecorum
494 3657 700 3748 philosophos
721 3671 752 3720 et
766 3660 893 3743 poetas,
919 3652 1070 3741 quidquid
1083 3657 1134 3720 ha-

171 3768 284 3832 berent
300 3768 463 3850 eximium,
487 3788 506 3831 e
531 3766 619 3832 libris
644 3764 739 3828 sacris
764 3763 899 3852 Moysis,
925 3763 1002 3828 olinr
1017 3761 1135 3829 Graece

174 3875 288 3955 versis,
313 3897 379 3940 esse
388 3881 536 3963 fisratos:
561 3873 712 3956 eundem,
735 3895 799 3960 quo
819 3874 930 3938 clarius
944 3894 994 3936 res
1009 3895 1136 3963 appare·

87 3967 89 3972 ⁷
142 4014 143 4019 ¹
175 4003 239 4068 ret,
269 3985 384 4051 multos
407 4007 554 4051 versusa
582 3985 773 4071 semetipso
798 3984 889 4049 fictos
914 4005 974 4070 pru
1000 3981 1136 4070 genuinis
