2618 4934
747 373 807 438 188

289 584 397 655 ὁτιοῦνΙ
421 576 675 663 πολυπράγμονας
707 578 816 659 σοφούς
838 580 903 658 ἅμα
935 578 987 643 καλ
1010 581 1134 660 σοφιςάς
1155 599 1263 668 παριο-

288 697 386 774 νόμως
414 688 584 772 κεκλήκασι.
625 694 776 772 Κρατῖνος
805 684 879 769 νοῦν
910 691 943 757 ἐν
971 693 1034 764 τοῖς
1067 689 1264 781 Ἀρχιλάχοις

287 804 416 888 ποιητάς
437 799 604 878 καταλέξας
624 801 692 884 ἔφη·

510 896 576 976 Oica
591 922 703 985 σοφιςῶν
719 927 817 990 σμῆνος
832 922 1033 989 οἰκοδομήσαντι

287 1032 400 1114 Ἰοφῶν
421 1033 454 1099 δὲ
475 1033 583 1116 ὁμοίως
604 1035 622 1097 o‘
643 1034 784 1112 Κωμικὸς
800 1035 833 1096 ἐν
854 1030 1018 1116 Actaeon
1035 1036 1188 1120 Σατύροις
1204 1037 1257 1102 hrt

286 1144 440 1229 ῥαψῳδῶν
463 1145 515 1208 καλ
536 1141 638 1211 ἄλλων
659 1146 754 1209 τινῶν
775 1140 867 1221 λέγει·

441 1338 445 1345 ⁴
677 1262 726 1315 κοιλ
743 1264 794 1333 γάρ
812 1263 995 1331 εἰσελήλυθεν
1054 1294 1056 1299 ·

488 1351 604 1406 Πολλὸνν
621 1353 732 1415 σοςιςῶν
749 1353 829 1422 ὄχλος
843 1355 1033 1426 ἐξηρτημένος.

283 1460 388 1526 Etiam
410 1461 548 1525 musicos
569 1483 609 1526 co
625 1459 754 1524 nomine
770 1459 876 1523 vocari
903 1459 1041 1525 ostendit
1056 1461 1253 1550 Phrynichus

283 1568 367 1660 opud
392 1571 468 1657 Ath.
487 1593 560 1660 pag.
577 1568 629 1634 35.
654 1569 713 1651 D.,
738 1568 793 1632 ubi
806 1567 956 1656 Lamprus
971 1569 1108 1643 Musicus
1125 1579 1255 1658 μινυρὸς

282 1685 476 1769 ὑπερσοφιςής
496 1680 682 1770 appellatur.
726 1677 837 1767 Neque
858 1679 950 1743 aliter
963 1702 1125 1771 usurpasse
1139 1683 1250 1749 Plato·

282 1815 355 1856 nem
381 1790 574 1857 documento
602 1800 648 1855 est
670 1788 778 1855 Schol.
807 1789 904 1855 Arist.
929 1789 970 1854 nd
989 1790 1075 1857 Nub.
1098 1815 1143 1858 vs.
1170 1782 1246 1860 330.

283 1907 405 1983 σοφιςὰς
428 1936 470 1951 -
494 1902 574 1982 λέγει
592 1908 711 1976 πάντας
732 1905 801 1979 τούς
823 1902 883 1966 ἀπὸ
906 1909 1097 1985 μαθημάτων
1119 1905 1256 1989 ὁρμωμέ-

280 2038 363 2088 νους.
386 2047 431 2060 ·-·
452 2012 584 2079 Πλάτων
614 2015 672 2097 γάρ
691 2007 757 2101 οὖν
787 2015 821 2079 ἐν
843 2018 906 2088 τοῖς
929 2020 1096 2094 Σοφιςαῒς,
1117 2019 1171 2081 καὶ
1194 2021 1252 2086 τὸν

279 2125 461 2195 Ὀπούντιον
491 2121 625 2207 αὐλητὴν
657 2121 858 2208 Βακχυλίδην
884 2127 925 2198 εἷς
947 2129 1076 2211 τοῦνομα
1099 2125 1248 2204 κατέταξε

279 2241 342 2303 τῶν
364 2238 503 2316 σοφιςῶν.
527 2233 581 2321 qui
608 2232 696 2298 locus
719 2231 837 2298 dudum
853 2234 931 2298 mihi
947 2234 1155 2323 suspicionem
1168 2236 1247 2302 inie-

280 2346 324 2411 cit
343 2361 470 2410 -essetne
494 2367 533 2410 ex
550 2343 611 2408 hnc
630 2343 698 2433 ipsa
718 2342 823 2408 fabula
838 2358 1023 2432 excerptum
1038 2344 1246 2435 fragmentum

280 2454 365 2545 apud
390 2453 595 2518 Plutarchum
618 2452 651 2516 in
681 2460 740 2518 νίϊ.Ι
757 2453 891 2518 Periclis
911 2476 980 2542 cap.
1004 2477 1049 2520 tr.
1072 2463 1188 2534 Δάμων
1208 2491 1249 2510 -

280 2567 408 2654 παρέσχε
436 2572 500 2641 τοῖς
527 2571 678 2648 Καμικοῖς
701 2565 870 2654 διατριβήν.
903 2570 1014 2647 droia
1036 2567 1171 2637 Πλάτων
1196 2571 1247 2636 καλ

278 2681 514 2760 πυνθανόμενον
535 2679 627 2743 αὐτοῦ
647 2700 720 2744 τινα
739 2677 903 2761 πεποίηκεν
923 2681 1012 2744 οὕτω·

403 2801 520 2871 Πρῶτον
536 2797 587 2864 μλν
604 2783 652 2850 οὖν
668 2819 716 2864 μοι
733 2799 828 2865 λέξον,
846 2800 993 2865 ἀντιβολῶ·
1010 2801 1041 2855 σι)
1058 2802 1129 2874 γάρ,
1191 2828 1194 2833 ·

403 2891 463 2952 Ὧς
479 2905 563 2956 φασι,
581 2889 691 2960 Χείρων
708 2891 861 2961 λξέθρεψας
877 2892 1028 2965 Περικλέα.
1123 2902 1128 2913 “

281 3009 327 3073 sic
340 3006 464 3073 videtur
478 3006 540 3094 leg.
552 3005 675 3091 Χείρων
687 2999 735 3071 est
750 3013 907 3096 tamquam
922 3007 1051 3074 Chiron:
1065 3006 1138 3074 vide
1149 3009 1243 3077 Arist.

281 3119 366 3184 Plut.
387 3139 432 3195 vs.
451 3112 526 3196 314.
549 3132 582 3182 et
597 3114 721 3181 Alexid.
745 3139 796 3205 ap.
813 3117 887 3183 Ath.
901 3117 943 3184 X.
958 3141 991 3207 p.
1007 3123 1084 3199 τίοι.
1123 3119 1241 3206 Nempe

281 3229 404 3294 Chorus
424 3228 588 3293 constabat
604 3226 757 3316 Sophistis
771 3228 795 3294 i.
809 3250 838 3293 e.
855 3228 909 3309 iis,
934 3228 986 3314 qui
1001 3230 1095 3294 variis
1109 3228 1241 3296 scientiis

281 3353 335 3402 aut
356 3316 474 3407 artibus
489 3334 724 3416 excelluissent,
745 3335 799 3422 qui
814 3335 958 3423 quum'in
975 3338 1169 3402 orchestram
1183 3337 1243 3401 sin·

279 3447 345 3537 guli
370 3443 596 3536 procederent,
624 3443 811 3509 nominatim
837 3468 946 3511 omnes
973 3447 1242 3536 compellebantur

282 3579 335 3622 aut
355 3557 460 3645 aliquo
475 3553 607 3620 dicterio
623 3554 775 3621 facetiave
790 3557 1036 3646 excipiebantur.
1083 3558 1179 3622 Cuius
1198 3581 1245 3622 ur·

277 3667 437 3733 banissimi
462 3666 559 3731 moris
582 3665 673 3754 plura
696 3667 731 3731 in
753 3665 955 3732 Comicorurn
973 3667 1112 3754 reliqniis
1126 3666 1240 3733 indicia

276 3779 484 3866 reperiuntur.
537 3776 574 3839 In
604 3775 766 3865 Eupolidis
792 3775 903 3845 Πόλεσι
932 3777 1071 3866 singulae
1102 3775 1237 3842 civitates

278 3886 470 3978 prodeuntes
487 3885 675 3951 nominatim
701 3909 767 3952 non
786 3886 852 3953 sine
873 3888 977 3976 aliqua
997 3886 1112 3954 facetia
1126 3885 1240 3955 indica·

278 4002 410 4079 bantur,¹
433 4001 467 4062 in
487 3998 572 4062 hunc
594 3993 741 4073 modum:
