2618 4934
517 390 560 454 85

412 616 415 621 ·
471 592 611 652 adsiluere
626 594 691 653 τοὺς
707 595 821 655 Ἱππέας

186 686 363 753 lusenciaco
379 681 417 752 τῷ
433 683 562 754 φαλακρῷ
579 684 668 752 τούτῳ
685 685 886 756 κάδωρησάμην.

63 821 246 910 videsupra
261 844 332 909 pag.
352 817 405 884 65.
444 820 548 905 Atque
569 819 647 883 haec
673 818 800 906 quidem
816 822 856 886 de
870 823 1026 895 simultate

58 932 144 998 inter
168 932 264 996 ambo
286 927 478 993 Comoedias
496 930 653 1016 principes
668 930 841 996 sufficiunt:
866 932 956 1021 plura
981 937 1027 1000 iu-

59 1041 164 1124 dicia,
186 1041 326 1130 quamvis
349 1040 451 1103 minus
482 1055 586 1121 certa,
613 1039 688 1105 vide
717 1041 800 1129 apud
822 1041 1026 1111 Fritzsehiuru

58 1152 95 1216 in
119 1152 261 1238 Quaestt.
284 1146 399 1211 Arist.
417 1169 490 1235 pag.
518 1152 591 1225 144.
613 1170 696 1239 sqq.¹
735 1149 913 1217 Videndum
942 1176 1028 1218 nunc

57 1277 126 1343 est,
159 1260 212 1348 qui
233 1258 327 1322 Plato
356 1261 391 1319 in
418 1254 555 1321 eiusdem
584 1256 650 1321 odii
676 1261 858 1326 societatem
889 1266 1023 1331 venerit.

59 1370 177 1436 Deficit
203 1385 307 1433 autem
335 1367 369 1431 in
400 1367 460 1430 hac
484 1366 684 1457 indagatione
712 1371 864 1458 quidquid
887 1390 1027 1461 superest

61 1496 203 1547 retemm
227 1493 519 1543 monumentorum:
550 1501 645 1564 quare
671 1502 767 1567 quum
787 1480 827 1546 ad
849 1485 1026 1571 probabiles
1084 1536 1090 1547 .

61 1590 256 1657 coniecturas
284 1590 324 1652 sit
348 1587 614 1677 confugiendum,
639 1587 837 1678 deprecanda
852 1609 899 1656 est
913 1596 1022 1677 venia,

57 1703 87 1767 si
101 1702 154 1765 cui
166 1700 250 1765 forte
266 1722 333 1763 non
344 1699 460 1763 rectius
475 1698 625 1762 nonnulla
640 1699 822 1786 explicuisse
838 1720 892 1767 aut
906 1704 1026 1769 Aristo·

60 1812 177 1903 phanis
198 1811 279 1874 locis
298 1832 336 1874 ex
356 1810 415 1874 hac
430 1810 608 1898 suspicione
622 1809 812 1899 insperatam
828 1812 965 1878 attulisse
980 1814 1027 1878 lu·

63 1944 152 2003 cem,
166 1919 222 1985 sed
235 1919 490 2010 intemperantius
504 1919 631 2009 iugenio
647 1920 734 1984 abusi
749 1918 936 1990 videbimur.
962 1922 1027 1988 Sed

61 2031 115 2096 vel
138 2031 182 2096 sic
203 2029 275 2095 satis
291 2030 437 2111 habebo,
460 2030 487 2094 si
502 2031 596 2120 periti
611 2029 730 2096 iudices
745 2053 811 2095 non
826 2031 951 2096 inanem
966 2055 1026 2098 no·

59 2164 173 2207 vorum
205 2141 406 2223 inventorum
437 2141 604 2230 gloriolam
634 2141 742 2229 putide
776 2141 938 2208 affectasse
973 2167 1025 2209 me

60 2251 319 2341 suspicabuntur,
344 2247 399 2312 sed
420 2272 527 2313 veram
549 2252 759 2314 obscurorum
773 2252 918 2318 Iocorum
933 2255 1027 2322 inter·

60 2361 270 2452 pretationem
294 2353 459 2445 diligenter
480 2354 641 2440 indagasse
663 2357 850 2425 concedent.

105 2468 239 2536 Easdem
255 2487 377 2547 causas,
399 2485 479 2550 quae
493 2460 682 2555 Eupolidem
702 2465 906 2550 impulerunt,
931 2470 1025 2537 etiam

59 2581 203 2646 Platonis
228 2575 434 2642 acrimoniam
459 2572 493 2636 in
517 2570 675 2635 aemulum
702 2578 832 2661 poetam
853 2576 1025 2643 concitasse

59 2689 235 2782 probabilis
249 2684 386 2772 suspicio
400 2696 457 2745 est:
475 2679 626 2744 invidiam
641 2696 672 2745 et
685 2680 843 2748 vindictae
856 2685 1028 2753 obiectata

60 2802 99 2865 in
111 2822 176 2864 sese
190 2797 335 2863 convicia
348 2789 537 2879 cupidinem.
554 2790 694 2856 Platonis
709 2794 832 2858 nomini
842 2796 1027 2885 Aristopha-

17 2978 20 2983 ,
60 2911 111 2977 nis
142 2910 301 2998 ingenium
330 2904 542 2992 maximopere
569 2901 751 2969 officiebat:
784 2906 1024 2994 Aehameuses,

62 3023 215 3111 Equites,
246 3018 384 3104 Vespae,
414 3013 563 3101 Olympp.
591 3012 790 3081 LXXXVIII.
819 3015 893 3082 det
912 3021 969 3101 4.,
995 3036 1027 3085 et

62 3130 235 3197 LXXXIII.
255 3150 287 3193 a.
305 3125 449 3191 omnibus
464 3125 598 3211 primam
613 3124 751 3213 palmam
766 3128 1022 3216 praeripuerant3

65 3243 138 3309 Pax
161 3242 287 3329 Olymp.
317 3235 490 3302 LXXXIX.
520 3232 551 3298 3.
578 3234 636 3298 soli
663 3252 797 3300 cesserat
819 3237 1025 3303 facetissImae

65 3350 248 3417 comoediae
283 3342 447 3436 Eupolidis
481 3343 618 3421 Κόλαξι,
651 3352 683 3406 et
717 3341 830 3415 tulerat
861 3345 1024 3414 secundas.

65 3461 128 3526 Per
159 3461 218 3523 hos
251 3474 386 3546 quatuor
412 3477 509 3519 annos
538 3451 689 3518 secundas
714 3452 780 3518 fere
811 3470 1025 3541 reportaverat

64 3571 223 3652 Cratinus,
237 3569 343 3633 tertias
358 3565 504 3654 Eupolis,
520 3564 749 3642 Aristomenes,
773 3562 807 3625 in
822 3563 933 3626 ceteris
944 3565 1024 3632 Leu-

65 3707 140 3751 con.
187 3679 326 3744 Platonis
348 3675 436 3741 nulla
454 3675 590 3754 mentio,
619 3693 721 3758 neque
745 3672 840 3736 etiam
861 3694 924 3759 quo
940 3697 1024 3742 anno

65 3793 174 3863 Nubes
195 3805 299 3880 spreta
318 3787 378 3851 luit
389 3785 517 3875 Olymp.
534 3783 705 3849 LXXXIX.
728 3803 778 3847 1.:
794 3805 867 3849 nam
883 3785 1026 3854 Cratinus

65 3921 98 3971 et
112 3901 267 3992 Amipsias
281 3898 418 3962 tulerant
430 3897 577 3962 honores.
622 3894 706 3960 Hinc
721 3895 1025 3987 obtrectatio,‹quae

65 4014 158 4093 facile
181 4001 335 4080 irritabile
357 4030 458 4103 genus
481 4020 586 4088 vexat,
607 4006 735 4076 suborta
756 4022 825 4081 ests.
842 4023 875 4073 et
895 4023 930 4074 ut
942 4007 1023 4076 lere.
