2618 4934
152 381 201 420 ’Π

174 569 357 649 verborum,
382 568 512 634 minime
528 568 662 634 iactator
675 567 793 658 ingenii
811 582 842 634 ct
858 568 1069 658 pulcherrima
1087 571 1144 638 in-

172 705 281 771 venta,
296 690 385 780 quasi
401 688 496 756 cuivis
511 689 546 754 in
563 702 707 756 mentem
723 688 829 756 venire
844 690 1030 778 potuissent,
1042 715 1145 784 prope

171 833 334 901 spernens,
359 809 506 878 omnibus
530 809 644 877 harum
667 808 832 877 literarum
849 811 1031 880 amantibus
1052 835 1144 904 egre·

166 930 257 1021 gium
274 929 379 1010 dedit,
398 928 487 1019 quod
502 927 719 1010 imitarentur,
739 930 927 1019 exemplum.
965 934 1038 1000 Post
1054 934 1142 1000 Ben-

169 1049 279 1117 tleium
304 1065 338 1117 et
360 1053 535 1117 Porsonum
560 1048 697 1116 maxime
721 1048 804 1115 hanc
829 1049 993 1118 literarum
1014 1066 1143 1142 partem

168 1169 291 1238 ornavit
313 1168 500 1251 ldeinekius,
523 1168 570 1237 vir
594 1167 739 1250 eximius,
762 1168 855 1237 editis
870 1181 903 1237 et
920 1170 987 1238 aliis
1002 1171 1090 1240 libris
1108 1187 1143 1242 et

166 1288 348 1380 praesertim
367 1289 548 1356 Menandri
565 1303 596 1355 et
611 1290 822 1356 Philemonis
839 1290 1017 1378 Reliquiie.
1045 1292 1143 1362 Dein·

166 1410 208 1476 de
230 1422 333 1478 totam
349 1409 535 1479 Comoedias
550 1409 675 1478 Atticae
696 1409 860 1478 historiam
876 1410 911 1477 in
929 1415 1141 1502 Quaestione·-

166 1532 225 1595 bar
249 1529 393 1599 Semicic
418 1530 514 1598 docte
537 1529 701 1620 explicuit,
725 1553 791 1620 quo
814 1530 901 1599 facto
925 1532 1140 1622 plurimorum

163 1649 286 1730 studia,
314 1648 469 1739 imprimis
492 1649 708 1741 popularium,
736 1650 892 1719 incendit.
937 1654 1061 1722 Horum
1086 1655 1140 1723 di-

167 1791 251 1836 versa
268 1768 396 1860 ingenia
415 1768 542 1834 diversis
553 1767 731 1835 rationibus
744 1769 941 1837 Comicorum
953 1770 1139 1863 fragmentis

165 1887 366 1978 profuerunt.
396 1885 481 1952 atii
506 1884 671 1952 materiam
696 1885 842 1976 undique
872 1910 908 1955 ex
936 1890 1025 1958 variis
1049 1892 1140 1961 libris

167 2006 276 2075 sedulo
295 2000 593 2096 comportaverunt:
617 2005 700 2072 hanc
722 2005 774 2072 alii
796 2006 1141 2105 expoliremptrfabu.

166 2128 335 2217 larumque
357 2137 546 2218 argumenta
570 2138 604 2192 et
618 2138 755 2193 aetatem
779 2126 929 2203 tenuibus
944 2128 1067 2198 indiciis
1083 2115 1140 2201 in-

166 2248 284 2338 dagare
298 2242 512 2314 tentaverunt.
558 2247 603 2314 Ex
619 2243 667 2311 his
683 2245 777 2343 multi
793 2261 903 2321 aetate
912 2248 1043 2332 fervidi,
1066 2253 1137 2341 qui.

166 2367 228 2435 bus
239 2388 308 2435 non
322 2364 507 2456 displicebat
519 2360 703 2449 coniOna
714 2364 867 2436 audacior
879 2382 924 2450 et,
936 2383 974 2437 ut
984 2371 1138 2461 quodque

164 2502 234 2556 erat
246 2485 491 2580 ingeniosissime
502 2499 681 2577 repertum,
695 2485 741 2554 ita
754 2486 923 2556 ridebatur
933 2488 1137 2562 sineoontro

163 2609 261 2678 versia
285 2607 497 2705 verissimum,
520 2606 624 2683 inulta
640 2607 847 2697 scripserunt,
864 2608 1139 2698 quae'maturiore

164 2728 280 2798 iudicio
295 2750 363 2796 non
376 2727 493 2818 scripta
511 2712 674 2815 optarent:
691 2739 725 2794 at
739 2726 838 2795 iidem
855 2728 900 2800 de,
909 2726 1018 2795 multis
1031 2730 1136 2797 Comi·
1176 2722 1178 2739 ²

163 2871 275 2918 corum
298 2845 374 2917 locis
396 2859 430 2914 et
453 2840 576 2913 fabulis
591 2845 636 2914 sie
661 2844 869 2916 commentati
885 2859 977 2928 sunt,
990 2854 1042 2915 'ut
1058 2870 1135 2919 oum

164 2991 286 3038 summa
316 2964 516 3035 iucunditate
541 2979 576 3036 et
603 2966 712 3036 fructu
735 2966 900 3056 legantur:
932 2965 1136 3057 indulgentes

163 3088 292 3182 ingenio
316 3086 448 3180 quidem
475 3065 671 3180 (nam'sacpe
690 3087 726 3159 in
741 3083 790 3158 his
805 3085 945 3176 reliquiis
959 3109 1134 3176 propemo-

165 3212 245 3280 dum
270 3208 495 3283 hariolandum
508 3188 570 3290 ast,
596 3222 631 3276 ct
644 3206 711 3275 sine
727 3205 855 3298 ingenio
871 3205 940 3274 fere
954 3205 1034 3273 nibil
1050 3207 1135 3276 effici

164 3329 300 3423 potest),
325 3328 381 3397 sed
403 3328 461 3396 ubi
477 3327 544 3397 dies
560 3327 748 3418 opinionum
771 3339 953 3396 commenta
967 3325 1132 3409 deleverit,

164 3463 355 3541 supererunt
378 3450 497 3531 multa,
520 3447 637 3538 quibus
661 3468 761 3536 prope
780 3445 981 3515 conclamatis
1000 3445 1136 3514 feliciter

165 3569 374 3640 coniectando
393 3569 644 3660 ,inexspectatum
668 3565 802 3634 salutem
825 3564 966 3639 attulisse
987 3565 1136 3642 omnibus

166 3691 368 3761 videbuntur.
563 3755 566 3761 ,
741 3754 744 3759 .
1027 3774 1029 3778 ,

209 3814 323 3900 Itaque
337 3808 381 3903 sic
397 3805 584 3886 ardentibus
600 3805 812 3896 plurimorum
826 3806 949 3886 studiis,
966 3802 1135 3882 Meinekiua

166 3932 349 4005 institutum
366 3929 430 4001 iter,
442 3926 727 4016 strenua-perfecit.
744 3928 788 3999 Ex
798 3921 1134 4027 QuaestioalhoeScef
