2618 4934
745 357 787 422 tt

157 538 165 549 ⁸
279 556 461 624 referendus
476 573 523 622 est
543 558 620 622 alius
644 557 734 623 locus
754 560 838 648 apud
855 560 973 626 Athen.
986 561 1046 629 lx,
1062 585 1097 651 p.
1116 565 1191 630 380.
1208 567 1247 632 E.

277 675 335 736 ποῦ
357 675 453 734 κεῖται
474 673 509 735 τὸ
529 669 773 755 παραφέρειν.
793 709 835 722 -—
858 672 1068 760 Ἀριςοφάιης
1088 681 1123 746 ἐμ
1141 685 1246 766 Hm.

276 802 364 862 rost·

419 881 454 932 Τι’
471 881 520 934 οὐκ
537 883 680 969 tullenses
696 884 866 955 παραφέρειν
883 886 919 935 τὰ
932 890 1071 959 corppus,-

275 1026 318 1040 -
339 992 392 1055 eal
412 989 545 1060 uterus
568 991 597 1057 δ’
617 995 652 1058 ἐν
673 997 816 1059 Λάκωσιν
837 993 906 1076 ἔφη·
964 1052 968 1059 .

605 1114 694 1172 πάσας
709 1115 901 1184 παραφιρὲτιι.

275 1221 330 1286 ubi
351 1220 475 1295 κύλικας
496 1217 707 1309 supplendum
725 1220 944 1301 veremonuit
957 1220 1132 1287 Meinekius
1149 1224 1184 1287 F.
1204 1222 1241 1289 C.

274 1354 307 1419 p.
325 1331 402 1410 641.
439 1328 492 1394 Cf.
507 1328 633 1396 Scbael'.
651 1329 691 1395 ad
707 1331 743 1397 L.
759 1331 845 1396 Bosii
859 1331 926 1398 Ell.
943 1354 1016 1421 pag.
1035 1336 1110 1412 240.

248 1500 252 1509 ,
316 1440 384 1504 lam
410 1454 514 1504 autem
537 1440 619 1505 hanc
646 1439 772 1507 fabulae
797 1441 981 1507 Platonicae
1008 1442 1196 1531 particulam
1216 1442 1244 1506 si

272 1550 340 1637 quis
366 1550 408 1618 ad
434 1551 652 1639 Aristophanis
672 1550 780 1616 locum
794 1550 961 1633 adhibeat,
989 1552 1149 1640 probabili
1164 1575 1245 1618 con·

270 1663 390 1728 iectura
405 1666 571 1750 utramque
586 1686 653 1728 rem
670 1664 795 1754 egregie
810 1664 958 1752 coniungi
974 1686 1066 1752 posse
1080 1661 1165 1729 baud
1180 1661 1243 1728 dil·

269 1771 408 1854 ficulter,
424 1773 555 1860 opinor,
571 1772 753 1859 perspiciet.
776 1770 860 1834 Nam
873 1769 951 1834 illud
968 1770 1107 1855 dolium,
1123 1793 1161 1836 ex
1176 1794 1243 1859 quo

268 1882 377 1942 vinum
392 1881 505 1942 misere
520 1876 665 1940 diffluens
679 1890 876 1962 spectaverat
891 1877 1052 1960 Cratinus,
1064 1904 1129 1945 non
1145 1896 1247 1949 teme·

266 2010 303 2053 re
328 1986 494 2073 suspiceris
519 1986 552 2047 in
573 1982 667 2046 turba
685 2005 751 2046 esse
768 1980 950 2046 diffractum
966 1982 1007 2047 ab
1028 1985 1084 2068 iis,
1101 2010 1247 2072 quorum

267 2093 475 2162 temulentum
491 2091 670 2156 convivium
685 2090 778 2155 Plato
795 2093 828 2155 in
844 2091 1024 2157 Laconibus
1040 2094 1243 2168 exhibuerat.

267 2203 422 2268 motivas
436 2202 518 2267 bene
532 2217 627 2290 potos
643 2223 709 2266 esse
724 2201 822 2266 refert
838 2224 943 2267 servus
957 2225 1003 2267 vs.
1020 2227 1071 2271 10.
1084 2204 1245 2294 (πίνοντές

266 2316 443 2402 εἷσιπόῤῥω,
463 2335 600 2400 quocum
616 2312 762 2401 apposite
772 2312 913 2378 Platonis
925 2312 1034 2379 locum
1045 2316 1149 2405 Symp.
1165 2321 1243 2407 176.

265 2427 307 2492 D.
335 2431 402 2494 οὔτε
425 2426 516 2501 αὐτὸς
538 2424 617 2492 ἑκὼν
644 2420 724 2492 εἶναι
746 2426 847 2510 steen
871 2423 1045 2507 ἐθελήσαιμ’
1068 2432 1109 2494 ἂν
1134 2437 1240 2509 πιεῖν,

266 2543 335 2606 οὔτε
357 2537 444 2621 ἄλλῳ
463 2535 716 2624 συμβονῖκύσαιμι
742 2534 877 2599 contulit
900 2534 1039 2603 Meinelr.
1064 2539 1104 2604 F.
1129 2539 1170 2604 P.
1197 2541 1238 2608 C.

264 2673 301 2738 p.
330 2644 422 2733 639.)
442 2645 518 2711 hinc
543 2645 684 2710 insecuta
712 2645 831 2734 iurgia,
856 2647 1016 2730 convicia,
1046 2642 1237 2719 tumultum:

265 2774 333 2821 tum
360 2755 394 2819 in
420 2776 460 2818 eo
479 2751 612 2840 strepitu
637 2766 669 2816 et
689 2750 750 2816 alia
769 2775 841 2818 vasa
856 2768 888 2818 et
903 2753 1023 2821 dolium
1038 2757 1114 2822 vino
1130 2760 1238 2848 reple·
1284 2742 1288 2750 ¹

265 2883 333 2930 turn
360 2887 379 2929 a
402 2861 668 2928 tumultuantibus
692 2860 822 2928 disiecta
849 2879 881 2929 et
904 2863 1004 2931 fracta
1028 2890 1111 2952 esse,
1139 2885 1239 2958 atque

265 2997 305 3042 eo
328 2975 498 3063 respexisse
520 2971 765 3060 Aristophanem
788 2972 888 3038 facilis
903 2990 950 3039 est
969 2978 1122 3066 suspicio,
1138 2976 1240 3066 quani

265 3082 437 3152 ostendisse
463 3096 630 3147 contentus
652 3081 868 3167 acutioribus,
885 3086 912 3149 si
927 3087 978 3151 cui
993 3086 1077 3152 forte
1104 3088 1234 3179 placue-

263 3199 322 3282 rit,
340 3217 424 3263 nuno
440 3191 568 3283 quidem
594 3192 769 3259 ornandam
792 3212 823 3260 et
846 3194 1097 3263 confirmandam
1121 3198 1233 3266 lubens

263 3307 422 3394 relinquo.

307 3417 356 3480 Ex
386 3412 497 3479 ceteris
526 3412 687 3476 monum
714 3408 916 3501 fragmentis,
945 3437 1025 3502 quae
1043 3416 1231 3504 paucissima

264 3539 353 3608 sunt,
371 3524 449 3589 nibil
464 3519 505 3587 ad
520 3517 777 3612 cognoscendum
791 3537 1010 3612 argumentum
1029 3523 1102 3590 elici
1115 3542 1231 3616 potest.

263 3636 390 3716 Unum,
419 3635 492 3722 quia
517 3632 651 3722 pessime
678 3630 821 3696 habitum
848 3646 911 3716 est,
939 3632 1045 3698 obiter
1067 3636 1227 3728 attingam.

264 3743 373 3811 Schol.
393 3740 434 3806 ad
454 3745 552 3809 Arist.
570 3745 664 3808 Aves.
680 3745 766 3835 471..
804 3741 841 3807 ‘0
863 3745 1229 3828 ΚωμικόςΠΜτωιιιαὶ

264 3858 434 3942 erupturas
475 3851 621 3943 (phoras)
655 3852 749 3922 αὐτόν
778 3849 960 3942 (Aesopum)
988 3881 1077 3943 φησιν
1104 3861 1139 3927 ἐι
1167 3867 1229 3938 τοῖς

265 3973 406 4038 Λάκωσιν
436 3967 540 4042 οὕτως·
568 3967 620 4031 eal
641 3967 702 4048 μὴν
724 3969 833 4050 hunolt
854 3992 905 4051 μοι
923 3972 964 4051 μὴ
988 3972 1137 4039 vetram
1155 3968 1227 4059 (sic)
