2618 4934
599 367 780 439 '42

280 580 542 672 inspectatores
566 577 782 662 oblectarent,
813 592 849 643 ut
867 599 908 643 ne
929 576 1068 644 violatae
1090 578 1170 670 legis
1189 583 1253 648 cri·

282 714 357 758 men
378 693 411 755 in
432 692 500 756 sese
522 690 638 756 coniici
659 705 776 779 posset.

310 799 399 864 ¹Non
425 800 535 865 ¹tamen
565 799 638 864 viris
668 797 837 888 ingeniosis
870 796 1011 861 sollertia
1041 795 1161 864 defuit:
1193 799 1259 882 sed,

283 932 472 998 quamquam
497 933 516 974 a
536 932 606 999 rep.
629 907 802 999 populique
816 907 993 973 rectoribus
1006 907 1114 997 palam
1128 924 1256 978 utente

189 1077 191 1080 ,
283 1008 449 1110 carpendis
479 1021 694 1086 abstinuerunt
717 1019 829 1101 inviti,
858 1033 965 1082 tamen
994 1018 1029 1082 in
1061 1021 1254 1108 argumentis

198 1119 201 1129 ¹
281 1130 472 1220 lepidissime
487 1131 568 1196 fictis
579 1153 631 1213 ea,
656 1128 807 1217 quaesibi
818 1127 926 1215 inepta
939 1142 994 1191 aut
1006 1127 1152 1216 improba
1164 1129 1254 1196 vide·

281 1241 414 1325 bantur,
429 1264 486 1331 per
502 1241 662 1329 ambages,
679 1237 735 1302 sed
749 1238 794 1301 ita
808 1252 844 1302 ut
860 1253 968 1301 acutus
983 1252 1142 1326 spectator
1156 1239 1254 1304 intel·

282 1352 382 1440 ligere
397 1366 522 1441 posset,
540 1348 652 1415 callide
667 1348 837 1430 notabant,
857 1363 890 1412 et
905 1348 939 1411 in
953 1349 1017 1412 hoc
1031 1370 1146 1437 genere
1160 1349 1255 1414 ioco·

282 1482 354 1526 rum
370 1463 464 1527 etiam
479 1462 577 1551 magis
592 1481 688 1548 quam
704 1475 796 1523 antea
810 1457 969 1548 splenduit
984 1457 1071 1522 dives
1085 1463 1255 1546 poetarum

182 1615 184 1619 ψ
282 1594 363 1637 vena
393 1587 425 1636 et
451 1571 655 1636 urbanissime
687 1567 855 1651 dicacitas,
887 1591 950 1655 quo
977 1568 1046 1658 plus
1075 1567 1193 1656 leporis
1220 1584 1255 1635 et

285 1679 469 1745 facetiarum
498 1681 630 1768 requirit
659 1679 787 1744 urbanis
817 1676 932 1744 aculeis
961 1676 1098 1765 aliquem
1121 1675 1256 1764 ludere,

284 1813 380 1879 quam
389 1791 547 1855 conviciis
561 1789 668 1877 palam
685 1786 830 1853 irridere.
876 1779 1088 1853 Luculentum
1100 1787 1191 1852 huius
1205 1789 1256 1855 rei

284 1899 462 1988 exemplum
486 1897 637 1963 habemus
656 1897 878 1987 Aristophanis
897 1898 998 1978 Aves,
1022 1897 1055 1959 in
1071 1919 1133 1983 qua
1148 1898 1256 1965 fabula

284 2024 350 2073 tam
366 2009 444 2072 scite
460 2024 493 2072 et
507 2007 570 2097 legi
585 2009 689 2097 paruit
704 2023 737 2072 et
754 2031 834 2095 quae
851 2023 964 2073 notare
977 2004 1076 2070 voluit
1090 2005 1253 2092 traduxit,

285 2135 323 2184 ut
343 2118 439 2208 paulo
455 2112 557 2182 minus
573 2115 670 2184 acutis
686 2141 787 2183 meras
802 2118 928 2184 facetias
942 2114 1074 2180 {undere
1089 2114 1253 2199 videatur,

284 2251 389 2317 neque
414 2244 520 2294 tamen
546 2228 671 2293 latuerit
693 2229 819 2293 Atticos
846 2219 1061 2317 spectatores,
1093 2223 1169 2314 quid
1191 2226 1254 2316 sibi

187 2406 189 2410 ,
283 2339 342 2404 ista
366 2338 664 2428 Nephelcoocoygia
684 2339 820 2404 voluerit
839 2359 972 2425 avesque
988 2336 1065 2401 deo's
1080 2331 1165 2401 fame
1181 2325 1281 2402 cru-⁰

285 2450 421 2532 ciantes,
444 2465 573 2514 auctore
595 2449 653 2513 illo
676 2448 848 2538 Euelpide,
873 2448 927 2535 qui
943 2447 1145 2511 Salaminiam
1161 2449 1256 2513 trire-

282 2580 368 2624 mem
392 2558 525 2646 pessime
548 2555 661 2622 oderat
682 2579 727 2624 vs.
750 2555 829 2635 14ss
839 2579 919 2644 sqq..
951 2553 1074 2620 Eodem
1092 2577 1177 2620 auno
1193 2557 1256 2623 Ire-

283 2671 372 2734 naeis
390 2667 618 2755 Amphiaraum
633 2667 743 2732 docuit
758 2665 872 2731 eodem
887 2664 1045 2731 scribendi
1063 2683 1198 2755 genere,
1220 2668 1261 2732 in·

285 2799 349 2865 qua
375 2776 569 2867 decrepitum
593 2793 625 2843 et
645 2777 760 2842 morbo
781 2776 980 2841 laborantem
999 2799 1106 2841 senem
1120 2775 1255 2843 ridicula

286 2887 505 2974 superstitione
528 2888 670 2978 ineptum
693 2886 850 2968 exhibuit,
874 2908 968 2972 quem
989 2889 1132 2976 speciosa
1147 2889 1254 2954 conie-

286 3011 375 3062 ctura
391 2996 577 3063 Suesemius
591 3000 625 3063 in
639 2998 802 3088 ingeniosa
818 2997 999 3063 Comment.
1013 2997 1055 3064 de
1066 2998 1185 3063 Arabus
1195 2997 1254 3062 Ni·

287 3108 368 3172 ciam
391 3108 485 3174 fuisse
507 3112 698 3198 suspicatur,
722 3132 803 3197 quae
827 3107 964 3198 suspicio
987 3122 1072 3172 tanta
1090 3105 1171 3169 nitet
1184 3109 1255 3173 veri

288 3218 410 3308 specie,
430 3235 465 3284 ut
485 3221 583 3285 mirer
597 3219 764 3309 Berglrium
778 3220 812 3284 in
828 3219 888 3283 alia
903 3218 1008 3282 omniu
1022 3214 1147 3298 abiisse,
1162 3215 1255 3282 fabu-

285 3329 412 3417 lamque
437 3330 570 3394 nimium
595 3323 765 3418 Equitibus
787 3329 922 3394 similem
943 3326 1002 3393 sibi
1024 3325 1130 3390 animo
1152 3326 1252 3394 infor·

287 3461 387 3504 masse
408 3440 442 3503 in
463 3442 564 3505 Arist.
587 3441 717 3527 Fragm.
741 3461 813 3527 pag.
836 3437 912 3524 952.

311 3592 313 3599 ι
330 3544 536 3639 Monotrcpus
551 3548 741 3639 Phryniohi,
759 3570 854 3635 quarn
868 3545 982 3613 eodem
995 3567 1081 3611 anno
1096 3562 1202 3613 actam
1216 3566 1252 3615 ex

289 3654 476 3724 Didascclr'o
501 3663 775 3741 Aviumconstat,
800 3657 911 3724 eadem
923 3657 1020 3723 habet
1031 3655 1151 3724 indicia
1165 3680 1253 3724 com·

288 3762 414 3857 pressae
427 3762 590 3836 '‘boentiae
621 3792 701 3858 quae
732 3769 799 3857 quis
829 3769 983 3835 sentiebat
1018 3767 1231 3858 proloquendi
1240 3764 1264 3852 ,f

287 3892 336 3941 ut·
351 3872 418 3967 ipse
442 3879 603 3967 qsreritur,
630 3876 903 3968 quemadmodum
926 3878 1250 3968 supraostendimus.

287 3987 398 4078 Itaque
421 4012 517 4078 quum
537 3989 795 4079 palamirridere
808 4013 874 4058 non
890 3991 1021 4075 liceret,
1042 3987 1251 4058 linxitsenem
