2618 4934
641 397 684 463 aa
776 343 778 353 ι

101 645 104 651 -
174 605 231 673 sed
252 607 456 671 subornatum
481 624 547 667 esse
567 624 586 666 a
609 601 739 692 potenti
744 601 834 683 viro,
860 615 956 704 quem
971 603 1142 670 comoedia

174 719 326 784 laesisset.
351 712 423 780 eum
448 702 552 778 autem
574 711 667 778 fuisse
691 697 908 801 Alcibiadem.
942 727 1010 777 tum
1034 713 1141 804 legem

174 829 265 892 fuisse
291 825 463 916 perlatam,
485 822 582 912 idque
604 846 622 888 e
641 821 754 887 fabulis
773 845 848 887 mox
869 823 948 888 actis
961 823 1140 890 luculenter

115 1018 120 1024 ,
173 958 334 1028 apparere.
352 958 355 964 ’
373 934 489 1026 Negari
503 957 569 999 non
584 947 689 1023 potest
705 933 921 998 coniecturam
937 955 1003 1000 esse
1018 937 1140 1024 specio·

172 1049 323 1114 sissimam
347 1063 379 1113 et
406 1045 532 1136 dignam
554 1066 634 1132 quae
655 1040 695 1107 ad
709 1043 872 1108 historiam
888 1044 970 1108 illins
985 1045 1140 1134 temporis

171 1159 206 1224 et
234 1143 470 1224 comoediarum
497 1154 641 1242 reliquias
668 1152 834 1242 diligenter
862 1154 1014 1244 exigatur.
1062 1155 1142 1236 Quo

169 1269 260 1334 facto
277 1268 355 1333 mihi
375 1263 501 1354 quidem
517 1265 566 1328 vir
578 1264 756 1352 ingeniosus
773 1287 842 1329 rem
857 1287 916 1328 acu
931 1264 1068 1354 tetigisse
1090 1266 1139 1331 vi·

172 1393 309 1461 susem,
338 1383 524 1464 quareutar
547 1375 612 1454 eius
634 1373 765 1439 invento
793 1389 826 1439 et
852 1376 995 1464 experiar
1020 1374 1138 1464 ecquid

170 1507 272 1554 novae
299 1487 377 1553 lucis
404 1486 478 1552 hinc
503 1482 690 1551 comoediae
712 1485 870 1574 Antiquae
897 1484 1009 1627 fabulis
1037 1487 1139 1576 possit

170 1597 302 1675 astundi.
397 1600 402 1629 ”

212 1709 261 1773 Ac
284 1701 440 1799 primum
447 1719 535 1772 recte
550 1685 633 1770 ”vidit
656 1704 805 1796 Bergldns
821 1729 860 1772 ex
872 1705 947 1802 ipsis
961 1704 1135 1795 Phrynichi

166 1819 287 1900 verbis,
312 1839 391 1905 quae
409 1838 497 1881 cmm
487 1815 584 1900 labe
599 1830 725 1898 carent,
743 1817 881 1899 ἀφείλετο
894 1821 956 1904 γὰρ
965 1818 1136 1903 κωμῳδεῖν,

167 1932 219 2005 οὓς
240 1934 430 2011 ἐπεθύμουν,
443 1908 574 2012 liquido
602 1948 769 2021 apparere,
790 1927 893 2021 legem
915 1929 949 1994 in
974 1926 1135 1996 concione

165 2036 275 2130 populi
300 2035 463 2134 valuisset
472 2057 547 2099 nam
573 2041 668 2125 poeta
688 2037 729 2101 in
750 2037 898 2127 parabasi
924 2038 1042 2101 nescio
1055 2060 1133 2124 quas

167 2145 272 2212 diras'
263 2125 455 2238 imprecatur
470 2144 654 2248 Syracosio
680 2148 880 2214 exacerbatus
896 2145 1025 2230 dolore,
1043 2145 1131 2235 quod

165 2259 224 2323 iste
249 2256 308 2322 sibi
334 2255 495 2321 licentiam
519 2254 697 2341 ademerat,
722 2278 800 2347 quos
824 2236 954 2324 irridere
978 2238 1127 2341 volebat,

164 2367 270 2460 palam
295 2365 493 2458 producendi
516 2355 928 2456 notandique.Cla1issius'
942 2367 1085 2436 tamenl.
1103 2366 1129 2435 l.
1140 2385 1142 2389 ’

163 2501 235 2570 pag.
270 2479 340 2544 roo.
368 2477 462 2543 aliam
493 2460 801 2571 interpretationem
815 2480 941 2563 ιιιιιίἱι,7
973 2499 1053 2569 quae
1079 2476 1133 2543 vel

161 2604 293 2679 propter
306 2589 466 2654 insolitam
481 2590 679 2679 pronominis
693 2590 909 2655 traiectionem
924 2569 1052 2677 probari
1063 2609 1133 2653 non

162 2700 279 2790 potest.
307 2697 362 2763 ·In
383 2688 579 2765 emendanda
598 2697 718 2788 reliqua
732 2699 899 2793 fragmenti
913 2713 1025 2790 parte,
1047 2709 1133 2787 'quae

163 2807 374 2875 miserrimum
387 2811 421 2874 in
436 2809 567 2876 modum
583 2808 830 2902 ‹lepravata‘estt
855 2811 942 2899 Ψῶρ’
959 2813 1009 2898 ixa
1024 2790 1131 2898 Συριι·

162 2916 279 3005 ιιόιιοι,
304 2924 451 3006 ἐπιφανὴς
467 2927 531 3009 γὰρ
558 2918 640 3008 adipi
665 2921 772 2987 rell
734 2947 756 3005 μ
773 2921 814 3004 yo
833 2926 948 3031 rotor,
960 2943 1131 3041 perparum

163 3031 366 3121 profecimus
386 3030 569 3099 coniectura
603 3006 798 3117 Hermanni‚
842 3035 1014 3153 proposita
1021 3031 1130 3121 apud

162 3138 312 3256 Fritasch.
338 3135 483 3233 Quaerit.
500 3145 608 3209 Arist.
632 3149 705 3251 pag'.
718 3138 864 3232 307.

205 3275 207 3278 ⁴
366 3284 439 3360 Φὸιρ’
459 3288 532 3357 ἲχθε
549 3267 724 3362 Σηραιιόιιοι
798 3274 801 3279 ’

235 3384 239 3391 ’
311 3376 603 3450 “”Κᾶιιιφαιῆςγάρ.
702 3440 704 3443 ¹
740 3388 741 3391 ’
856 3382 858 3387 '
887 3384 892 3391 '

364 3469 467 3539 Koloi)
481 3469 610 3537 τιτιιχιιι
625 3466 703 3536 μέγ’,
722 3469 849 3533 &pellere
866 3468 949 3539 ydpf³
977 3472 987 3492 ”
1120 3486 1123 3493 ·

335 3560 516 3631 Κωμμδιτι
533 3559 578 3619 οὓς
593 3558 764 3639 laedium.

208 3687 271 3754 Sed
293 3710 332 3753 ex
351 3704 441 3778 parte
463 3690 646 3782 incorrupta
661 3688 735 3753 satis
750 3678 876 3756 certum
888 3697 953 3771 cst,
978 3665 1127 3782 ntrmeros

161 3818 228 3862 esse
253 3801 469 3886 anapaesticus
491 3801 754 3890 Aristophanem,
777 3821 874 3889 quos,
900 3797 976 3892 quia
991 3795 1040 3861 in
1039 3778 1125 3862 loco
1167 3816 1170 3820 ’

162 3906 366 3972 conclamato
382 3907 459 3976 licet
484 3931 551 3976 esse
575 3911 679 4000 paulo
691 3907 918 3993 audaciorem
938 3907 984 3972 sic
1005 3907 1125 3976 restitui

158 4038 255 4106 posse
278 4018 417 4132 conieci:
