2618 4934
630 364 675 431 82

172 575 310 657 transiit,
331 570 445 641 deinde
461 572 558 637 otiam
572 571 608 645 in
621 570 772 636 Photium
787 569 963 637 etSuidam
976 573 1065 638 bona
1078 573 1143 640 lida

173 685 322 752 translata
333 699 390 750 est.
414 686 482 767 Bia
493 699 616 765 tamen,
631 681 717 770 qnod
731 683 871 766 mireris,
888 684 1047 749 retinuere
1060 685 1146 750 Her·

172 818 304 861 mannus
317 794 357 859 ad
370 778 455 862 Nol.¹
468 796 491 861 l.
505 795 531 861 l.
545 809 579 859 et
590 793 757 884 Bergkius:
774 794 870 859 velim
883 796 965 859 scire
978 818 1041 883 quo
1051 819 1144 861 sensu

172 908 351 996 putaverint
367 904 564 995 capiendum.
600 903 664 970 Sed
680 906 772 969 mitto
787 903 852 969 iam
866 905 967 988 haec,
986 908 1060 994 quia
1070 908 1146 972 satis

175 1032 320 1083 constare
349 1018 486 1081 arbitror
507 1017 598 1078 istam
615 1015 712 1105 plagii
726 1016 998 1098 criminationem,
1032 1032 1146 1106 utpote

170 1126 263 1192 nullis
288 1126 410 1191 idoneis
437 1127 625 1216 argumentis
653 1126 779 1209 nixam,
813 1149 943 1214 prorsus
965 1127 1145 1193 concidisse

174 1253 268 1325 atque
287 1235 403 1301 cadem·
413 1259 511 1326 opera
526 1236 693 1301 refutatam
715 1258 781 1300 esse
797 1236 920 1326 Bcrgldi
936 1237 1145 1325 opinionem,

173 1348 226 1433 qui
249 1346 290 1410 ob
316 1367 385 1410 eam
408 1370 558 1429 causam,
576 1347 598 1411 i.
615 1370 645 1411 c.
664 1347 708 1411 ob
723 1345 912 1430 versiculos,
930 1370 1011 1434 quos
1028 1348 1149 1412 eDoe·

175 1455 248 1519 dat>
278 1457 511 1546 Aristophaneo
532 1457 730 1546 surripuisset
742 1456 852 1539 Plato,
875 1458 958 1522 inter
977 1474 1148 1546 utrumque

174 1570 303 1653 poetam
317 1564 497 1631 inimicitias
513 1589 580 1631 esse
595 1582 723 1631 exortas-
730 1567 900 1657 suspicatus
916 1584 962 1632 est
974 1569 1009 1631 in
1024 1568 1146 1636 Comm·

169 1697 204 1763 p.
222 1679 299 1754 421.
337 1660 437 1756 ¹Quae
453 1677 634 1742 coniectura
650 1676 747 1739 etiam
763 1691 931 1765 propterea
947 1675 1035 1741 omni
1053 1692 1146 1743 caret

172 1786 293 1873 specie,
323 1787 397 1871 qnia
425 1783 604 1849 huiusmodi
624 1784 764 1870 simultas
780 1808 845 1849 non
862 1788 945 1851 inter
957 1809 1046 1853 senes
1060 1788 1145 1853 solet

169 1895 300 1980 agitari:
335 1915 409 1956 nam
432 1914 542 1978 parum
559 1904 718 1976 reputasse
733 1890 858 1954 videtur
870 1895 919 1954 vir
935 1896 1142 1982 ingeniosus,

170 2021 263 2087 quam
284 2011 452 2084 provectus
467 2010 570 2060 aetate
585 1997 811 2083 Aristophanes
832 2016 1031 2084 argumenta,
1047 2006 1145 2091 quale

169 2109 227 2173 fuit
242 2105 398 2187 Daedali,
423 2105 482 2168 sibi
497 2102 661 2169 tractanda
676 2105 832 2171 sumserit.

207 2218 251 2280 At
263 2214 359 2304 longe
371 2215 502 2280 diversis
517 2213 557 2280 de
569 2215 668 2279 causis
683 2217 767 2280 inter
774 2216 1019 2305 Aristophanem
1029 2234 1061 2284 et
1066 2220 1146 2288 Pla·

170 2342 296 2409 tonem,
320 2326 417 2391 ambo
441 2341 544 2392 aetate
561 2323 699 2390 fervidos
715 2342 747 2391 et
762 2326 871 2391 avidos
886 2328 1031 2413 honoris,
1055 2355 1146 2398 exar-

147 2439 244 2503 'sisse
270 2437 461 2502 simultatem
486 2437 564 2501 mihi
594 2437 784 2526 comperisse
802 2436 930 2503 videor:
949 2439 1035 2525 quod
1050 2464 1148 2532 argu-

168 2564 310 2614 mentum
334 2545 521 2612 subtimidus
546 2545 713 2638 aggredior
731 2570 906 2638 exponere,
924 2553 1075 2637 quoniam
1090 2577 1143 2620 ra·

168 2660 271 2724 tiones
286 2657 399 2742 quibus
415 2657 476 2721 erit
490 2656 677 2740 nitendum,
700 2680 846 2747 magnam
862 2676 985 2749 partem
999 2648 1064 2727 non
1078 2666 1141 2730 nisi

165 2767 359 2855 suspiciones
386 2787 452 2831 esse
475 2762 639 2829 fatendum
661 2780 725 2849 est,
750 2790 815 2831 non
829 2769 1053 2858 improbabiles
1068 2774 1142 2840 illas

167 2875 311 2963 quidem,
329 2873 402 2956 sed,
426 2874 453 2937 si
468 2874 540 2962 quis
553 2875 597 2940 ita
610 2875 704 2959 velit,
721 2876 867 2946 incertas.
906 2881 1016 2968 Neque
1029 2899 1139 2951 tamea

165 2982 272 3050 omnia
292 2983 442 3074 speciosis
468 2987 659 3050 coniecturis
680 3004 772 3052 erunt
793 2992 1052 3079 superstruenda,
1079 2985 1145 3060 sed'

164 3096 342 3186 praemissis
368 3117 450 3183 quae
482 3094 661 3163 indubitata
688 3116 830 3166 veterum
859 3119 1139 3171 monumentorum

165 3205 228 3271 fide
254 3219 401 3270 constant
422 3205 599 3272 ridebimus
620 3206 735 3274 deinde
758 3208 871 3297 ecquid
887 3208 927 3275 ad
942 3234 1013 3275 eam
1027 3213 1136 3280 lucem

168 3319 246 3383 alios
264 3315 417 3405 quosdam
435 3316 542 3401 locos,
572 3318 625 3406 qui
647 3318 792 3384 adhunc
818 3319 904 3384 diem
925 3322 1027 3388 minus
1048 3343 1135 3392 recte

165 3427 292 3493 fuerunt
311 3428 450 3517 expliciti
470 3444 524 3492 aut
546 3428 642 3493 ctiam
662 3429 870 3518 interpretum
891 3454 1021 3520 operam
1037 3437 1135 3502 eluse·

164 3553 254 3620 runt,
278 3539 399 3603 felicius
421 3538 588 3604 enucleare
602 3539 790 3633 possimus„

209 3648 340 3712 Constat
360 3649 525 3715 Platonem
541 3652 574 3714 in
592 3648 697 3715 labula
712 3657 751 3718 N
750 3652 829 3727 ἰκαις
850 3651 1067 3741 Aristophanis
1083 3676 1133 3718 ar·

162 3773 346 3846 gumentum
364 3761 461 3824 Pacis
477 3759 587 3825 odiose
606 3761 784 3851 explosisse.
832 3743 932 3826 Testis
956 3774 1003 3827 est
1020 3761 1135 3829 doctiss

162 3865 337 3930 Scholiasta
356 3867 497 3943 Platonis
518 3869 558 3935 ad
578 3871 713 3960 Apolog.
731 3895 805 3964 pag.
824 3872 899 3939 330.
917 3895 963 3959 sq.
984 3872 1128 3942 Belrlreri.

159 3977 366 4062 Ἀριςοᾳάνης
394 3985 413 4044 ό
438 3983 661 4064 κωμῳδιοποιὸς
685 3985 837 4071 φαλακρός
856 3981 910 4065 ἦν,
947 3987 1131 4068 ἐκωμῳδεῖτο
