2618 4934
626 335 698 405 tat

173 559 315 634 gmenta‚
340 564 418 630 quae
434 541 498 606 duo
512 557 585 606 sunt
595 541 884 632 ·perexigua,'·nihil
899 543 978 608 lucis
995 542 1037 608 ad
1052 569 1140 635 argu-
1184 619 1191 629 Ι

172 669 313 719 mentum
326 649 578 748 perspiciendum
593 652 745 735 afferunt,
760 675 863 741 neque
879 654 975 719 etiam
991 656 1141 738 tertium,

172 766 259 830 cuius
287 763 439 828 indicium
466 763 565 828 latere
590 764 732 852 suspicor
759 765 794 828 in
823 782 976 854 corrupto
1001 765 1141 832 Pollucis

169 875 244 940 loco
269 867 311 942 Π.
339 874 393 941 83.
423 873 613 956 Ὠὲομλυφὶς’
626 875 659 942 δὲ
681 875 796 960 εἴρηται
821 881 906 963 παρὰ
927 878 1073 946 Πλάτωνι
1095 885 1140 963 τῷ

170 993 303 1072 Koussai
330 991 363 1054 ἐν
389 990 558 1072 Συμμαχίᾳ
582 990 638 1054 oris
666 986 760 1072 stato
792 986 987 1071 ὠτομλνφίόα
1019 990 1144 1078 λαβοῦσ’

169 1098 408 1176 armorui-ierat,
431 1097 486 1161 uhi
499 1094 718 1186 reponendum
734 1099 890 1165 arbitror:
915 1103 968 1167 sai
986 1105 1020 1187 ἐν
1039 1105 1143 1185 Λαΐῳ·

357 1254 556 1323 ‘morientia
572 1255 690 1321 ioftoio'
705 1256 935 1311 armaricam».

171 1414 364 1500 postremum
378 1405 527 1485 'verbum
554 1411 620 1497 iam
646 1413 781 1501 restituit
803 1413 984 1487 Meinetius
1008 1417 1139 1504 Fragm.

172 1522 259 1589 Com.
284 1544 356 1610 pag.
375 1512 455 1595 666,
470 1508 649 1593 ,Ceterum
663 1547 766 1612 neque
783 1546 822 1589 ex
835 1525 1011 1608 hocloco,
1035 1549 1142 1613 neque

81 1676 84 1682 -
169 1655 188 1696 e
210 1631 338 1720 reliquis
357 1633 533 1701 tabutmnm
554 1632 764 1724 fragmentis
778 1657 853 1723 quas
868 1633 909 1698 ad
923 1634 1059 1700 mediam
1076 1637 1141 1701 Co·

51 1794 54 1802 .
166 1741 327 1808 moediam
350 1744 538 1808 auctoritate
559 1741 847 1811 Grammaticomm
873 1744 1052 1810 referendas
1073 1761 1141 1811 sta·

167 1854 300 1936 tuimus,
324 1852 365 1918 de
378 1853 567 1941 singularum
583 1855 776 1940 argumentis
791 1853 962 1940 quidquam
979 1857 1053 1919 satis
1068 1879 1143 1944 pro·

166 1963 316 2033 habiliter
335 1960 455 2026 *confici
476 1975 601 2047 potest:
624 1961 833 2045 quamobrem
848 1982 970 2046 paucos
983 1964 1140 2047 quosdam

168 2096 275 2149 earum
296 2070 388 2135 locos
409 2069 499 2133 male·
515 2069 640 2134 habitos
663 2069 850 2158 attingemus
864 2069 897 2132 iu
912 2075 1137 2157 sequentihus:

131 2166 135 2182 „
168 2202 201 2253 at
220 2204 304 2250 nunc
328 2178 467 2270 primum
485 2178 679 2265 inquiramus
697 2178 734 2245 in
747 2176 817 2242 illas
832 2179 1031 2262 comoedias,
1053 2206 1139 2269 quae

166 2309 255 2361 actae
277 2289 411 2358 florente
433 2289 580 2355 libertate
601 2288 714 2380 populi
737 2288 1135 2378 etComoediazantiqua,

104 2412 106 2416 ’
167 2402 290 2494 egregie
317 2401 440 2467 faciunt
465 2398 507 2466 ad
536 2398 754 2465 illustrandam
783 2399 863 2487 reip.
895 2400 1135 2467 Atheniensium

165 2513 329 2581 historiam
346 2527 385 2577 et.
394 2512 580 2578 memoriam
595 2533 722 2592 eorum,
745 2533 823 2597 quos
837 2511 973 2599 populus
988 2512 1021 2575 in
1037 2513 1138 2578 nimia-

80 2628 83 2635 '
113 2683 115 2687 ,
167 2613 297 2688 licentia
322 2618 419 2687 duces
437 2622 549 2686 habuit
563 2635 596 2684 et
610 2633 777 2707 patronos,
795 2634 849 2682 aut
866 2619 919 2704 qui
934 2616 1136 2686 adversarum

169 2733 258 2795 fuere
272 2730 411 2815 partium
425 2743 458 2792 et
472 2727 680 2814 petulantiam
695 2727 918 2793 Democratiae
934 2752 1139 2817 compescere

167 2853 200 2921 et
222 2836 367 2927 frangere
393 2851 465 2901 sunt
487 2835 610 2901 conati.
665 2835 829 2902 Pertinent
855 2837 896 2902 ad
923 2840 987 2902 hoc
1013 2864 1133 2930 genus,

166 2930 317 3034 quantum
340 2942 467 3032 quidem
490 2961 613 3010 certum
638 2962 704 3029 est,
733 2947 887 3036 imprimis
910 2965 972 3014 tres
993 2949 1133 3016 Platonis

164 3210 293 3276 quianon
307 3199 506 3272 intelligebantj
530 3209 659 3269 connum
673 3213 730 3250 esse
746 3200 902 3267 suspicantes
916 3201 1069 3256 omiserunt.
1092 3202 1140 3257 Si.

164 3288 277 3364 millimo
299 3285 377 3339 modo
398 3283 466 3354 apud
489 3281 585 3337 Athen.
602 3281 649 3334 vl.
670 3301 731 3353 pag.
750 3281 810 3336 261.
825 3283 855 3336 t.
877 3285 907 3336 in
928 3285 1054 3338 veruculo
1077 3288 1140 3342 Ari.

162 3365 307 3446 stophanis:

372 3436 499 3506 &tenete
515 3454 548 3486 'ca
566 3394 652 3486 stricti
671 3434 719 3485 arti
735 3435 915 3499 ψωμοκόλαξ,

166 3557 256 3594 ornnes
277 3536 361 3592 codd.-
381 3545 482 3608 praeter
495 3551 577 3586 unum
592 3533 752 3596 Pariorum,
771 3549 823 3601 quo
840 3534 959 3603 Epitome
974 3535 1137 3603 continetur,

166 3627 257 3691 κόλμξ.
274 3635 300 3677 et
311 3623 381 3696 apud
395 3619 466 3676 Gall.
479 3620 514 3674 N.
529 3619 681 3674 t.111.1t
697 3618 727 3669 in
742 3617 859 3671 Timonis
874 3619 982 3672 Phliaaii
995 3621 1139 3692 fragmento

163 3710 262 3763 editur:

368 3764 462 3827 ’Ὂθὲν
479 3772 669 3844 ἀπαρχόμενος
684 3771 798 3841 rodam
815 3770 990 3840 Mt‘ffitffllis
1042 3774 1045 3779 ⁵

166 3893 211 3947 pro
228 3864 293 3930 rara
303 3873 431 3940 lectione,
450 3890 528 3942 quam
544 3870 642 3923 librarii
659 3887 713 3923 non
729 3871 879 3941 capiebant:
982 3879 984 3883 “

178 4011 182 4017 .
206 4011 208 4017 .
272 4008 274 4013 .
291 3968 403 4021 ’.Ἔνθεν
419 3966 609 4035 &colinense
626 3967 845 4037 Tonsos-Quom
859 3969 1027 4038 ἐδιδάχθης.
