2618 4934
629 398 672 466 ⁴7

265 634 328 654 ..υ
344 602 388 668 ἀφ’
411 587 443 656 oi
461 602 505 674 (1)
523 601 677 671 supanis
693 603 891 673 μορμολυκεῖον
907 605 989 673 lym

156 723 203 786 'in
232 720 382 785 Parabasi
404 717 521 783 fuerint
542 714 636 780 lecti:
659 712 694 778 id
720 681 863 802 quodiet
883 717 1005 784 numeri
1026 732 1132 786 osteu-

168 825 264 914 dunt,
290 845 323 895 et
342 826 508 893 confirmat
521 824 694 907 sententia,
720 846 802 911 quae
817 848 856 890 ex
868 825 985 892 Poetae
998 849 1133 916 persona

143 971 152 983 ·
167 941 399 1033 pronuntiatur.

213 1050 276 1116 Sed
287 1052 368 1115 hanc
380 1047 511 1136 ancipiti
521 1047 596 1112 ioco
604 1045 737 1112 ludendi
749 1045 926 1114 libertatem
941 1047 987 1138 (a)
1002 1060 1034 1115 et
1046 1050 1133 1140 quid-

168 1159 244 1250 quid
254 1161 331 1251 legis
340 1157 487 1224 severitas
500 1160 672 1223 chororum
685 1157 938 1247 magnificentiae
948 1182 1015 1225 uon
1028 1159 1135 1228 adem·

165 1287 248 1354 erat,
269 1269 305 1335 id
320 1291 416 1334 omne
431 1290 508 1332 mox
523 1269 703 1356 eripuerunt
720 1269 912 1335 tristissimae
926 1270 1134 1358 calamitates,

167 1404 247 1470 quae
265 1378 362 1469 quum
383 1378 610 1445 democratiam
625 1376 764 1443 funditus
779 1377 969 1468 affligerent,
994 1404 1057 1446 uua
1072 1383 1135 1448 Co·

166 1490 338 1574 moediam,
355 1479 512 1555 libertatis
526 1489 636 1577 populi
651 1489 748 1553 liliam
764 1504 795 1553 et
811 1489 980 1573 alumnam,
996 1514 1134 1580 pessum·

167 1578 334 1666 dederunt.
379 1597 494 1664 Deleta
510 1599 606 1663 classe
622 1615 654 1664 et
670 1599 771 1688 copiis
784 1599 818 1662 in
832 1598 920 1663 bello
935 1599 1058 1684 Siculo,
1084 1625 1134 1668 ex·

163 1711 277 1777 hausto
297 1692 435 1775 diuturni
450 1708 527 1774 belli
541 1709 693 1774 sumtibus
709 1709 831 1773 aerario
847 1707 1030 1797 afflictisque
1041 1712 1135 1778 simul

164 1822 363 1910 privatorum
390 1820 523 1908 opibus,
554 1819 701 1884 defecere
727 1819 874 1908 choragi:
899 1818 1016 1903 credo,
1041 1822 1137 1889 etiam

168 1929 324 2019 frigebant
351 1930 435 1995 cives
464 1928 505 1994 ad
533 1931 739 1995 Comioorum
766 1929 903 2018 lepores,
936 1931 1009 2016 quia
1035 1931 1136 1997 nullus

167 2064 232 2105 non
247 2064 431 2106 communes
447 2041 589 2106 omnium
605 2062 770 2107 aerumnas
785 2039 818 2103 iu
834 2040 1013 2130 semetipso
1025 2064 1062 2107 ao
1072 2042 1136 2108 suis

161 2168 314 2218 senserat.
361 2151 462 2222 Simul
486 2152 617 2218 Athenis
636 2153 671 2216 in
693 2151 816 2240 ingenti
836 2151 978 2216 omnium
997 2150 1136 2241 trepida·

166 2263 253 2327 tione
282 2262 451 2350 oligarchis
475 2276 620 2326 crescunt
647 2261 762 2324 animi:
799 2260 881 2326 male
908 2275 1136 2352 repugnantem

164 2373 322 2462 populum
336 2371 429 2436 facile
443 2372 573 2461 negotio
589 2384 755 2454 superant:
773 2367 966 2434 democratia
976 2372 1009 2435 in
1021 2374 1136 2463 oligar·
1222 2446 1227 2455 ¹

167 2485 271 2549 chiam
294 2497 443 2548 mutatur.
490 2478 599 2545 Poetis
622 2477 710 2539 omui
731 2475 845 2539 auxilio
863 2475 1017 2543 destitutis
1032 2496 1136 2547 terror

165 2593 335 2657 incutitur:
359 2601 412 2675 τῆς
435 2586 637 2674 δημοκρατίας
659 2587 868 2671 ὖποχωραίσης
888 2588 949 2652 ὑπὸ
969 2592 1031 2655 τῶν
1056 2595 1137 2683 κατὰ

166 2702 381 2786 tole-’Abilene
404 2704 633 2784 τυραννούντων
655 2700 708 2763 καί
732 2697 939 2781 καθιςαμίνης
960 2698 1137 2787 ὀλιγαρχίας
1162 2702 1165 2707 ’

167 2816 221 2880 καί
248 2818 489 2896 μεταπαπαίσης
519 2816 572 2893 τῆς
597 2809 731 2886 ἐξουσίας
758 2815 811 2874 τοῦ
833 2808 927 2892 δῆμον
951 2813 992 2885 εῖν
1014 2811 1137 2894 ὀλίγους
1184 2822 1193 2835 ’

165 2926 219 2989 καί
238 2923 460 3010 κρατανομένης
479 2928 531 3005 τῆς
556 2920 732 3006 ὀλιγαρχίας
752 2918 896 2986 ἐνέπιπτε
914 2927 977 2996 τοῖς
996 2931 1135 3008 ποιηταῖς
1191 2939 1195 2949 “

167 3040 281 3124 φόβος,
314 3049 349 3098 ut
376 3033 545 3101 rectissime
572 3031 734 3096 Platouius
758 3034 826 3117 περὶ
850 3033 934 3113 ὄναρ.
963 3057 1036 3116 unp.
1052 3055 1132 3125 pag.
1224 3069 1227 3074 ·

165 3156 278 3211 xxx111.
306 3144 392 3208 Nulli
407 3145 471 3209 iam
484 3143 550 3207 ioci
566 3140 699 3205 aculeati
715 3140 858 3229 periculo
873 3142 1042 3208 carebant}
1059 3167 1134 3209 nam

167 3257 219 3341 qui
243 3244 469 3344 tangebantur,
506 3252 548 3316 ab
574 3265 704 3326 auctore
734 3249 845 3315 dicaci-
863 3273 985 3319 severas
1014 3275 1134 3343 poenas

198 3539 241 3609 (i)
259 3541 332 3610 Quod
345 3542 389 3596 hie
396 3540 551 3612 interposuit
558 3538 681 3609 Bergkius
689 3540 719 3591 iu
732 3538 1005 3608 Fragmsdriaipag.
1014 3539 1074 3593 958.
1082 3542 1136 3612 τί,

163 3636 285 3686 numeros
302 3625 457 3693 corrumpit,
476 3621 522 3675 sed
538 3619 682 3688 festinantis
699 3618 809 3680 σφάλμα
825 3636 880 3673 esse
897 3621 1012 3675 arbitror.

197 3703 240 3773 (2)
259 3702 314 3754 lluo
336 3706 448 3773 pertinet
463 3705 535 3756 locus
549 3704 638 3757 lacerti
656 3703 822 3755 Grammatioi
838 3704 905 3772 napi
922 3707 1062 3774 κωμῳδίας
1074 3726 1135 3783 pag.

164 3803 233 3843 xm.
258 3785 348 3839 Ἐπεὶ
368 3788 400 3839 δὲ
417 3790 535 3854 ἡκακία
551 3791 740 3860 epulationes,
761 3790 787 3841 οἱ
804 3790 927 3843 πλούσιον
944 3793 992 3843 καί
1002 3794 1028 3844 οἱ
1037 3792 1138 3864 ἄρχον.

164 3890 209 3931 'tet
234 3876 272 3942 μὴ
298 3872 463 3938 βουλὸμενον
490 3877 684 3946 κωμῳδεῖσθαι
706 3878 756 3926 τοῦ
779 3877 829 3941 μὲν
855 3878 976 3947 φανερῶς
997 3879 1137 3948 κωμῳδεῖν

162 3957 313 4021 ἐκώλυσαν,
341 3950 553 4045 ίκέίενσαννδί
569 3958 675 4033 κρύφα,
694 3952 751 4027 ρίαν
775 3961 991 4030 αἰνιγματωδῶς.
1016 3953 1080 4036 Ιεἶρα
1099 3965 1136 4035 δὴ

168 4039 479 4098 sottotvotsoitum
518 4044 531 4074 ²·
556 4050 559 4059 '
592 4048 606 4075 '·
739 4042 819 4101 ³¹¹³}
865 4039 976 4105 2⁴³··'⁴·'·}3
1000 4055 1053 4087 ··¹3··
1115 4032 1132 4055 ⁹
