2618 4934
635 361 680 427 20

173 578 224 634 tes
241 566 452 656 obsequentur
472 561 648 629 hominibus
670 567 865 651 temperatis:
887 581 969 650 qnae
985 584 1090 652 neque
1104 567 1138 631 in

172 677 301 746 Graecis
322 678 420 759 inest,
442 697 543 762 neque
564 672 733 761 quidquam
752 674 847 738 habet
861 671 940 738 veri.
985 674 1140 742 Nonnihil
1222 672 1229 683 ’

171 787 237 851 abit
251 784 417 876 Bergkius,
433 783 485 871 qui
501 785 535 848 in
553 783 722 848 Commeat.
739 804 810 872 pag.
828 803 903 868 229⁶
920 781 1001 846 nihil
1015 800 1138 849 mutam

169 896 412 986 interpretatur:
446 900 597 958 musicam
630 905 771 980 oportere
801 891 930 981 obsequi
961 893 1140 959 hominibus

171 1011 350 1095 temperatis
366 1018 399 1068 et
407 1004 570 1069 'honmttrs
592 1000 683 1090 quod·
691 1000 873 1091 languidum
888 1018 935 1068 est
949 1027 1054 1091 neque
1067 1005 1141 1069 Cra-

129 1113 131 1118 ’
168 1115 227 1180 tini
251 1116 355 1181 verbis
374 1111 557 1203 respondet.
604 1111 716 1177 Dicam
739 1110 826 1199 quod
845 1113 958 1178 sentio.
1002 1113 1139 1180 Videtur

168 1227 247 1291 mihi
260 1232 359 1315 poeta
374 1224 415 1289 de
434 1221 627 1288 Comoediae
642 1223 765 1286 ratione
780 1245 873 1313 agere
889 1239 922 1288 et
934 1222 1032 1291 laetus
1045 1246 1137 1289 recu·

45 1360 53 1375 ·
168 1351 278 1424 perata
298 1331 427 1405 iocandi
450 1333 594 1397 libertate
616 1328 786 1396 admonere
801 1347 1010 1421 spectatores,
1034 1347 1136 1398 artem

166 1444 336 1526 musicam,
360 1443 382 1509 i.
392 1466 423 1509 e.
441 1439 664 1523 Comoediam,
680 1440 771 1505 malis
787 1442 924 1524 civibus,
939 1440 1051 1531 populi
1064 1463 1137 1507 oso·

166 1554 253 1618 ribus
278 1568 312 1618 et
338 1572 470 1640 aequam
490 1551 640 1627 omnium⁴
653 1549 831 1616 libertatem
851 1575 917 1617 non
939 1552 1134 1635 amantibus,
1183 1604 1187 1609 .

165 1663 314 1738 acerbam
328 1661 399 1726 fore
414 1677 447 1726 et
461 1656 681 1740 metuendam,
703 1658 763 1722 sed
777 1658 908 1723 eandem
926 1658 1137 1749 bottnfavere

164 1793 288 1862 semper
301 1782 335 1834 et
343 1769 523 1858 grattflean'
540 1766 641 1832 solere
656 1765 822 1854 (ἐπιφέρειν
842 1771 934 1856 ὀργὰς
946 1774 1063 1858 βροτοῖς
1079 1772 1137 1836 oei-

166 1878 295 1966 φραοα).
325 1879 450 1963 itaque
474 1899 542 1941 non
568 1863 669 1958 esses
683 1899 740 1941 cur
762 1875 887 1945 honesti
912 1881 972 1944 viri
1001 1896 1034 1945 et
1056 1882 1138 1946 recti

167 1999 307 2055 amantes
317 1987 425 2073 inique
434 1984 538 2050 ferant
549 1985 714 2075 pristinam
727 1986 850 2054 ridendi
862 1988 1022 2053 licentiam
1030 1990 1136 2077 poetis

167 2097 305 2164 Cornicis
321 2117 387 2161 esse
401 2095 588 2161 restitutam.
612 2105 755 2181 Μοοοιεή
770 2097 884 2163 eodem
898 2121 989 2163 sensu
1004 2120 1134 2188 usurpa-

165 2224 218 2273 tur
226 2223 260 2274 et
271 2207 347 2273 alibi
360 2205 606 2294 etabEupolide
615 2208 700 2296 apud
714 2207 886 2276 Stobaeum
894 2210 993 2276 Serm.
1006 2209 1061 2275 IV.
1076 2208 1131 2279 33.

257 2338 307 2406 Μὴ
323 2313 473 2406 φθονεΐιῖΡ,
492 2337 562 2392 ὅταν
578 2357 620 2401 τες
634 2341 709 2408 ἡμῖν
726 2345 842 2408 μουσικῇ
856 2342 942 2413 χαίρῃ
957 2342 1036 2398 eine.

166 2453 189 2517 i.
206 2475 234 2519 e.
249 2460 280 2517 εἰ
299 2475 391 2543 quem
411 2454 590 2520 Atticorum
606 2462 749 2521 iuvenum
764 2462 850 2521 iuvat
864 2454 1003 2520 scribere
1017 2478 1137 2521 comoe-

164 2562 246 2630 dias.
270 2564 311 2627 Et
325 2568 475 2650 cooperta
488 2565 602 2629 eximie
617 2564 765 2630 dicuntur
780 2567 863 2630 eires
880 2565 953 2629 betti
966 2578 999 2629 et
1012 2572 1135 2631 virtutis

164 2687 323 2757 amantes,
336 2691 371 2738 ut
380 2676 414 2738 in
423 2673 523 2739 nobili
530 2675 747 2765 Am'stophanis
757 2676 833 2741 loeo
846 2676 879 2741 in
890 2677 1054 2767 Rae-727·
1063 2700 1133 2767 sqq.

218 2815 280 2869 Tria
296 2816 432 2885 aetate,
451 2819 497 2879 οὓς
512 2821 562 2885 μέν
575 2821 660 2886 ἴομεν
677 2817 801 2887 εὐγενεῖς
818 2820 867 2871 καὶ
883 2820 1021 2892 σώφρονας

212 2907 343 2978 ”Ardone
359 2906 441 2970 ὄντας
456 2910 506 2962 καὶ
522 2913 649 2971 δικαίους
665 2910 715 2964 καὶ
732 2909 833 2970 καλούς
848 2929 882 2964 τε
899 2913 1044 2981 κάγαθούς

217 2996 426 3069 Προοελοῦμεε.

165 3111 304 3179 aaut.
324 3134 373 3179 rs.
399 3112 475 3202 387.

176 3252 181 3259 ·
592 3225 657 3286 τοὺς
673 3226 789 3299 χρησοὺς
804 3225 887 3294 μόνον

314 3309 425 3380 'Epora
443 3314 493 3366 aei
508 3313 573 3374 veie
590 3315 698 3378 δεξιοὺς
713 3318 763 3370 aet
780 3316 917 3389 σώφρονος

315 3400 444 3474 Ἀααρτο
461 3404 615 3472 πλουτῆσαι
631 3409 742 3474 ποιήσω.

164 3544 198 3601 et
218 3529 293 3595 alibi
308 3553 414 3623 saepe.
459 3535 602 3623 Apparet
616 3550 741 3620 autem,
764 3558 791 3600 st
781 3538 868 3603 hoc
881 3537 964 3601 bene
980 3535 1134 3626 explicui

161 3662 247 3723 mus,
264 3661 331 3718 non
342 3643 480 3730 potuisse
495 3647 703 3733 opportunius
714 3647 796 3713 hanc
806 3646 994 3713 sententiam
1007 3654 1134 3738 apoeta

148 3748 314 3838 pmiem,
345 3772 439 3837 qnam
470 3775 535 3839 <1¹¹0
568 3769 726 3845 tempore
746 3757 969 3847 exspectabant
998 3777 1129 3840 omnes,

160 3880 323 3948 vanusque
342 3859 550 3957 (lonicorum
575 3863 705 3938 licentia
726 3866 828 3958 legem
846 3869 978 3949 7500121„
997 3859 1159 3949 ιὼρημζ

36 4048 46 4067 .
160 3952 561 4060 iamassetprogresstun.
950 4022 955 4033 .
