<?xml version="1.0" encoding="UTF-8"?>
<!DOCTYPE html PUBLIC "-//W3C//DTD XHTML 1.0 Transitional//EN"
    "http://www.w3.org/TR/xhtml1/DTD/xhtml1-transitional.dtd">
<html xmlns="http://www.w3.org/1999/xhtml" xml:lang="en" lang="en">
 <head>
  <title>
</title>
<meta http-equiv="Content-Type" content="text/html;charset=utf-8" />
  <meta name='ocr-system' content='tesseract 3.04.00' />
  <meta name='ocr-capabilities' content='ocr_page ocr_carea ocr_par ocr_line ocrx_word'/>
</head>
<body>
  <div class='ocr_page' id='page_1' title='image "./observationescr01cobegoog/observationescr01cobegoog_0115.png"; bbox 0 0 2618 4934; ppageno 0'>
   <div class='ocr_carea' id='block_1_1' title="bbox 746 404 787 470">
    <p class='ocr_par' dir='ltr' id='par_1_1' title="bbox 746 404 787 470">
     <span class='ocr_line' id='line_1_1' title="bbox 746 404 787 470; baseline -0.049 0"><span class='ocrx_word' id='word_1_1' title='bbox 746 404 787 470; x_wconf 82' lang='lat' dir='ltr'>to</span> 
     </span>
    </p>
   </div>
   <div class='ocr_carea' id='block_1_2' title="bbox 251 604 1263 2015">
    <p class='ocr_par' dir='ltr' id='par_1_2' title="bbox 251 604 1263 1464">
     <span class='ocr_line' id='line_1_2' title="bbox 286 604 1258 694; baseline 0.002 -20"><span class='ocrx_word' id='word_1_2' title='bbox 286 608 370 675; x_wconf 83' lang='lat' dir='ltr'>istud</span> <span class='ocrx_word' id='word_1_3' title='bbox 388 612 430 685; x_wconf 77' lang='lat' dir='ltr'>alr</span> <span class='ocrx_word' id='word_1_4' title='bbox 448 610 526 674; x_wconf 76' lang='grc' dir='ltr'><strong><em>ἕιιιιιε</em></strong></span> <span class='ocrx_word' id='word_1_5' title='bbox 541 629 607 670; x_wconf 89' lang='lat' dir='ltr'>nou</span> <span class='ocrx_word' id='word_1_6' title='bbox 629 608 734 694; x_wconf 90' lang='lat' dir='ltr'>potuit</span> <span class='ocrx_word' id='word_1_7' title='bbox 751 605 960 693; x_wconf 87' lang='lat' dir='ltr'>importunius</span> <span class='ocrx_word' id='word_1_8' title='bbox 982 626 1077 692; x_wconf 87' lang='lat' dir='ltr'>quam</span> <span class='ocrx_word' id='word_1_9' title='bbox 1097 604 1132 671; x_wconf 90' lang='lat' dir='ltr'>in</span> <span class='ocrx_word' id='word_1_10' title='bbox 1152 608 1258 676; x_wconf 87' lang='lat' dir='ltr'>buius·</span> 
     </span>
     <span class='ocr_line' id='line_1_3' title="bbox 285 713 1257 807; baseline 0 -22"><span class='ocrx_word' id='word_1_11' title='bbox 285 718 374 785; x_wconf 85' lang='lat' dir='ltr'>rnodi</span> <span class='ocrx_word' id='word_1_12' title='bbox 401 717 648 807; x_wconf 82' lang='lat' dir='ltr'><strong>interrogatione</strong></span> <span class='ocrx_word' id='word_1_13' title='bbox 678 716 848 805; x_wconf 88' lang='lat' dir='ltr'>interponi.</span> <span class='ocrx_word' id='word_1_14' title='bbox 901 713 1077 780; x_wconf 87' lang='lat' dir='ltr'>Meinelrius</span> <span class='ocrx_word' id='word_1_15' title='bbox 1102 717 1151 782; x_wconf 82' lang='lat' dir='ltr'>nil</span> <span class='ocrx_word' id='word_1_16' title='bbox 1179 720 1257 784; x_wconf 89' lang='lat' dir='ltr'>mali</span> 
     </span>
     <span class='ocr_line' id='line_1_4' title="bbox 285 825 1263 919; baseline -0.001 -24"><span class='ocrx_word' id='word_1_17' title='bbox 285 831 458 919; x_wconf 88' lang='lat' dir='ltr'>suspicatur</span> <span class='ocrx_word' id='word_1_18' title='bbox 472 852 545 918; x_wconf 86' lang='lat' dir='ltr'>pag.</span> <span class='ocrx_word' id='word_1_19' title='bbox 560 827 635 892; x_wconf 87' lang='grc'><strong>686.</strong></span> <span class='ocrx_word' id='word_1_20' title='bbox 654 849 748 913; x_wconf 87' lang='lat' dir='ltr'>quem</span> <span class='ocrx_word' id='word_1_21' title='bbox 761 826 875 916; x_wconf 79' lang='lat' dir='ltr'>fugisse</span> <span class='ocrx_word' id='word_1_22' title='bbox 891 826 991 890; x_wconf 86' lang='lat' dir='ltr'>miror</span> <span class='ocrx_word' id='word_1_23' title='bbox 1005 825 1114 892; x_wconf 89' lang='lat' dir='ltr'>locum</span> <span class='ocrx_word' id='word_1_24' title='bbox 1124 827 1263 894; x_wconf 88' lang='lat' dir='ltr'>Stobaei-</span> 
     </span>
     <span class='ocr_line' id='line_1_5' title="bbox 251 934 1253 1024; baseline 0.001 -18"><span class='ocrx_word' id='word_1_25' title='bbox 251 986 256 994; x_wconf 49' lang='grc' dir='ltr'><strong><em>ι</em></strong></span> <span class='ocrx_word' id='word_1_26' title='bbox 284 943 381 1006; x_wconf 83' lang='lat' dir='ltr'>Serm.</span> <span class='ocrx_word' id='word_1_27' title='bbox 407 938 526 1007; x_wconf 84' lang='lat' dir='ltr'><strong>XVIII.</strong></span> <span class='ocrx_word' id='word_1_28' title='bbox 555 938 609 1002; x_wconf 85' lang='lat'>30.</span> <span class='ocrx_word' id='word_1_29' title='bbox 640 934 690 1022; x_wconf 83' lang='lat' dir='ltr'>(T.</span> <span class='ocrx_word' id='word_1_30' title='bbox 706 936 731 1001; x_wconf 94' lang='lat' dir='ltr'>I.</span> <span class='ocrx_word' id='word_1_31' title='bbox 753 958 825 1024; x_wconf 88' lang='lat' dir='ltr'>pag.</span> <span class='ocrx_word' id='word_1_32' title='bbox 845 934 920 1002; x_wconf 83' lang='lat'>366.</span> <span class='ocrx_word' id='word_1_33' title='bbox 938 934 1052 1024; x_wconf 73' lang='lat' dir='ltr'>Gaias.)</span> <span class='ocrx_word' id='word_1_34' title='bbox 1072 945 1138 1006; x_wconf 73' lang='lat' dir='ltr'>Turi</span> <span class='ocrx_word' id='word_1_35' title='bbox 1161 942 1253 1006; x_wconf 75' lang='grc' dir='ltr'>αὐτοῦ</span> 
     </span>
     <span class='ocr_line' id='line_1_6' title="bbox 288 1045 1257 1139; baseline 0.002 -24"><span class='ocrx_word' id='word_1_36' title='bbox 288 1051 441 1139; x_wconf 74' lang='lat' dir='ltr'>(Platonis</span> <span class='ocrx_word' id='word_1_37' title='bbox 456 1045 667 1135; x_wconf 84' lang='lat' dir='ltr'><strong>Philosophi).</strong></span> <span class='ocrx_word' id='word_1_38' title='bbox 692 1048 736 1111; x_wconf 74' lang='lat' dir='ltr'>Or)</span> <span class='ocrx_word' id='word_1_39' title='bbox 756 1050 871 1127; x_wconf 85' lang='grc' dir='ltr'><strong><em>μόνον,</em></strong></span> <span class='ocrx_word' id='word_1_40' title='bbox 903 1049 945 1122; x_wconf 72' lang='lat' dir='ltr'>ule</span> <span class='ocrx_word' id='word_1_41' title='bbox 970 1049 1087 1129; x_wconf 75' lang='grc' dir='ltr'>ἔοικεν,</span> <span class='ocrx_word' id='word_1_42' title='bbox 1114 1055 1134 1115; x_wconf 88' lang='grc' dir='ltr'>ό</span> <span class='ocrx_word' id='word_1_43' title='bbox 1159 1051 1257 1135; x_wconf 73' lang='grc' dir='ltr'><strong><em>γέρων</em></strong></span> 
     </span>
     <span class='ocr_line' id='line_1_7' title="bbox 286 1155 1256 1245; baseline -0.002 -19"><span class='ocrx_word' id='word_1_44' title='bbox 286 1162 334 1236; x_wconf 73' lang='grc' dir='ltr'>δὶς</span> <span class='ocrx_word' id='word_1_45' title='bbox 356 1169 429 1235; x_wconf 80' lang='grc' dir='ltr'><strong><em>παῖς</em></strong></span> <span class='ocrx_word' id='word_1_46' title='bbox 449 1157 561 1239; x_wconf 77' lang='grc' dir='ltr'>γένοιτ’</span> <span class='ocrx_word' id='word_1_47' title='bbox 587 1163 648 1238; x_wconf 82' lang='grc' dir='ltr'>ἂν,</span> <span class='ocrx_word' id='word_1_48' title='bbox 672 1155 824 1220; x_wconf 72' lang='grc' dir='ltr'><strong><em>ἀλλὰκαὶ</em></strong></span> <span class='ocrx_word' id='word_1_49' title='bbox 845 1159 863 1220; x_wconf 88' lang='grc' dir='ltr'>ό</span> <span class='ocrx_word' id='word_1_50' title='bbox 883 1159 1063 1243; x_wconf 67' lang='grc' dir='ltr'><strong><em>μεθυσθείς,</em></strong></span> <span class='ocrx_word' id='word_1_51' title='bbox 1085 1179 1180 1245; x_wconf 85' lang='lat' dir='ltr'>quern</span> <span class='ocrx_word' id='word_1_52' title='bbox 1202 1161 1256 1224; x_wconf 84' lang='lat' dir='ltr'>iti-</span> 
     </span>
     <span class='ocr_line' id='line_1_8' title="bbox 285 1262 1253 1355; baseline 0.001 -23"><span class='ocrx_word' id='word_1_53' title='bbox 285 1268 358 1334; x_wconf 87' lang='lat' dir='ltr'>dem</span> <span class='ocrx_word' id='word_1_54' title='bbox 379 1268 492 1331; x_wconf 87' lang='lat' dir='ltr'>frustra</span> <span class='ocrx_word' id='word_1_55' title='bbox 513 1265 547 1327; x_wconf 90' lang='lat' dir='ltr'>in</span> <span class='ocrx_word' id='word_1_56' title='bbox 572 1263 742 1326; x_wconf 83' lang='lat' dir='ltr'><strong>Platonicis</strong></span> <span class='ocrx_word' id='word_1_57' title='bbox 759 1262 900 1352; x_wconf 90' lang='lat' dir='ltr'>Dialogis</span> <span class='ocrx_word' id='word_1_58' title='bbox 920 1267 1115 1352; x_wconf 81' lang='lat' dir='ltr'>quaesiveris.</span> <span class='ocrx_word' id='word_1_59' title='bbox 1138 1267 1253 1355; x_wconf 88' lang='lat' dir='ltr'>Itaque</span> 
     </span>
     <span class='ocr_line' id='line_1_9' title="bbox 282 1372 1056 1464; baseline -0.003 -22"><span class='ocrx_word' id='word_1_60' title='bbox 282 1376 431 1442; x_wconf 87' lang='lat' dir='ltr'>reddatur</span> <span class='ocrx_word' id='word_1_61' title='bbox 453 1373 635 1464; x_wconf 83' lang='lat' dir='ltr'>cognomini</span> <span class='ocrx_word' id='word_1_62' title='bbox 658 1377 790 1460; x_wconf 73' lang='lat' dir='ltr'>poetae,</span> <span class='ocrx_word' id='word_1_63' title='bbox 812 1372 858 1436; x_wconf 89' lang='lat' dir='ltr'>sic</span> <span class='ocrx_word' id='word_1_64' title='bbox 881 1376 1056 1441; x_wconf 90' lang='lat' dir='ltr'>restitutus:</span> 
     </span>
    </p>

    <p class='ocr_par' dir='ltr' id='par_1_3' title="bbox 375 1501 1179 1578">
     <span class='ocr_line' id='line_1_10' title="bbox 375 1501 1179 1578; baseline 0.005 -22"><span class='ocrx_word' id='word_1_65' title='bbox 375 1504 415 1556; x_wconf 75' lang='lat' dir='ltr'>Or)</span> <span class='ocrx_word' id='word_1_66' title='bbox 433 1504 515 1568; x_wconf 76' lang='grc' dir='ltr'><strong><em>μόνον</em></strong></span> <span class='ocrx_word' id='word_1_67' title='bbox 530 1505 599 1574; x_wconf 74' lang='grc' dir='ltr'>γὰρ,</span> <span class='ocrx_word' id='word_1_68' title='bbox 618 1501 651 1561; x_wconf 80' lang='grc' dir='ltr'>ὧς</span> <span class='ocrx_word' id='word_1_69' title='bbox 667 1502 760 1567; x_wconf 61' lang='lat' dir='ltr'>intra,</span> <span class='ocrx_word' id='word_1_70' title='bbox 780 1503 826 1561; x_wconf 74' lang='grc' dir='ltr'>δὶς</span> <span class='ocrx_word' id='word_1_71' title='bbox 842 1504 945 1569; x_wconf 68' lang='grc' dir='ltr'>γένοιτ’</span> <span class='ocrx_word' id='word_1_72' title='bbox 959 1504 995 1557; x_wconf 81' lang='grc' dir='ltr'>ἂν</span> <span class='ocrx_word' id='word_1_73' title='bbox 1009 1514 1077 1567; x_wconf 70' lang='grc' dir='ltr'>παῖς</span> <span class='ocrx_word' id='word_1_74' title='bbox 1092 1508 1179 1578; x_wconf 69' lang='grc' dir='ltr'><strong><em>γέρων</em></strong></span> 
     </span>
    </p>

    <p class='ocr_par' dir='ltr' id='par_1_4' title="bbox 283 1591 1255 2015">
     <span class='ocr_line' id='line_1_11' title="bbox 372 1591 844 1664; baseline -0.008 -17"><span class='ocrx_word' id='word_1_75' title='bbox 372 1591 465 1648; x_wconf 75' lang='grc' dir='ltr'>Ἀλλὰ</span> <span class='ocrx_word' id='word_1_76' title='bbox 482 1593 602 1664; x_wconf 68' lang='grc' dir='ltr'>(δήπου)</span> <span class='ocrx_word' id='word_1_77' title='bbox 619 1592 659 1661; x_wconf 81' lang='grc' dir='ltr'><strong><em>χῶ</em></strong></span> <span class='ocrx_word' id='word_1_78' title='bbox 675 1595 844 1656; x_wconf 64' lang='grc' dir='ltr'>μεθυσθεὶς.</span> 
     </span>
     <span class='ocr_line' id='line_1_12' title="bbox 283 1705 1253 1796; baseline 0.011 -25"><span class='ocrx_word' id='word_1_79' title='bbox 283 1730 347 1796; x_wconf 87' lang='lat' dir='ltr'>quo</span> <span class='ocrx_word' id='word_1_80' title='bbox 370 1707 456 1773; x_wconf 80' lang='lat' dir='ltr'>facto</span> <span class='ocrx_word' id='word_1_81' title='bbox 483 1705 691 1795; x_wconf 89' lang='lat' dir='ltr'>dispelluntur</span> <span class='ocrx_word' id='word_1_82' title='bbox 712 1706 879 1789; x_wconf 78' lang='lat' dir='ltr'>tenebrae,</span> <span class='ocrx_word' id='word_1_83' title='bbox 904 1729 985 1795; x_wconf 86' lang='lat' dir='ltr'>quae</span> <span class='ocrx_word' id='word_1_84' title='bbox 999 1710 1064 1774; x_wconf 90' lang='lat' dir='ltr'>iam</span> <span class='ocrx_word' id='word_1_85' title='bbox 1079 1711 1158 1776; x_wconf 89' lang='lat' dir='ltr'>olim</span> <span class='ocrx_word' id='word_1_86' title='bbox 1172 1714 1253 1782; x_wconf 83' lang='lat' dir='ltr'>haec</span> 
     </span>
     <span class='ocr_line' id='line_1_13' title="bbox 283 1814 1253 1910; baseline 0.009 -29"><span class='ocrx_word' id='word_1_87' title='bbox 283 1819 381 1883; x_wconf 81' lang='lat' dir='ltr'>rerba</span> <span class='ocrx_word' id='word_1_88' title='bbox 396 1819 579 1882; x_wconf 81' lang='lat' dir='ltr'>obscurasse</span> <span class='ocrx_word' id='word_1_89' title='bbox 593 1814 753 1880; x_wconf 86' lang='lat' dir='ltr'>videntur.</span> <span class='ocrx_word' id='word_1_90' title='bbox 772 1900 778 1910; x_wconf 83' lang='lat'>.</span> <span class='ocrx_word' id='word_1_91' title='bbox 798 1817 865 1880; x_wconf 88' lang='lat' dir='ltr'>Iarn</span> <span class='ocrx_word' id='word_1_92' title='bbox 880 1818 966 1883; x_wconf 90' lang='lat' dir='ltr'>enim</span> <span class='ocrx_word' id='word_1_93' title='bbox 980 1819 1015 1895; x_wconf 83' lang='lat' dir='ltr'>in</span> <span class='ocrx_word' id='word_1_94' title='bbox 1025 1818 1253 1890; x_wconf 79' lang='lat' dir='ltr'>Grammatico·</span> 
     </span>
     <span class='ocr_line' id='line_1_14' title="bbox 286 1925 1255 2015; baseline 0.011 -25"><span class='ocrx_word' id='word_1_95' title='bbox 286 1948 358 1990; x_wconf 89' lang='lat' dir='ltr'>rum</span> <span class='ocrx_word' id='word_1_96' title='bbox 387 1925 641 2006; x_wconf 88' lang='lat' dir='ltr'>commentariis,</span> <span class='ocrx_word' id='word_1_97' title='bbox 673 1946 752 2010; x_wconf 87' lang='lat' dir='ltr'>quos</span> <span class='ocrx_word' id='word_1_98' title='bbox 781 1927 966 2015; x_wconf 79' lang='lat' dir='ltr'>compilasse</span> <span class='ocrx_word' id='word_1_99' title='bbox 989 1929 1142 1996; x_wconf 79' lang='lat' dir='ltr'>iudaeum</span> <span class='ocrx_word' id='word_1_100' title='bbox 1169 1958 1255 2001; x_wconf 88' lang='lat' dir='ltr'>nuno</span> 
     </span>
    </p>
   </div>
   <div class='ocr_carea' id='block_1_3' title="bbox 180 2034 1254 2132">
    <p class='ocr_par' dir='ltr' id='par_1_5' title="bbox 180 2034 1254 2132">
     <span class='ocr_line' id='line_1_15' title="bbox 180 2034 1254 2132; baseline 0.007 -34"><span class='ocrx_word' id='word_1_101' title='bbox 180 2070 185 2077; x_wconf 77' lang='lat'><em>,</em></span> <span class='ocrx_word' id='word_1_102' title='bbox 282 2035 358 2099; x_wconf 86' lang='lat' dir='ltr'>satis</span> <span class='ocrx_word' id='word_1_103' title='bbox 374 2048 519 2123; x_wconf 86' lang='lat' dir='ltr'>apparet,</span> <span class='ocrx_word' id='word_1_104' title='bbox 534 2055 600 2097; x_wconf 88' lang='lat' dir='ltr'>non</span> <span class='ocrx_word' id='word_1_105' title='bbox 615 2034 772 2123; x_wconf 85' lang='lat' dir='ltr'>integrum</span> <span class='ocrx_word' id='word_1_106' title='bbox 787 2037 955 2120; x_wconf 62' lang='lat' dir='ltr'>erstimse,</span> <span class='ocrx_word' id='word_1_107' title='bbox 970 2038 1168 2105; x_wconf 80' lang='lat' dir='ltr'>Aristobulus</span> <span class='ocrx_word' id='word_1_108' title='bbox 1182 2045 1254 2132; x_wconf 79' lang='lat' dir='ltr'>ipse</span> 
     </span>
    </p>
   </div>
   <div class='ocr_carea' id='block_1_4' title="bbox 202 2144 1252 3992">
    <p class='ocr_par' dir='ltr' id='par_1_6' title="bbox 283 2144 1252 2434">
     <span class='ocr_line' id='line_1_16' title="bbox 283 2144 1247 2242; baseline 0.011 -34"><span class='ocrx_word' id='word_1_109' title='bbox 283 2144 476 2209; x_wconf 87' lang='lat' dir='ltr'>documento</span> <span class='ocrx_word' id='word_1_110' title='bbox 502 2157 564 2225; x_wconf 91' lang='lat' dir='ltr'>est,</span> <span class='ocrx_word' id='word_1_111' title='bbox 586 2144 641 2230; x_wconf 88' lang='lat' dir='ltr'>qui</span> <span class='ocrx_word' id='word_1_112' title='bbox 667 2161 854 2234; x_wconf 89' lang='lat' dir='ltr'>corruptum</span> <span class='ocrx_word' id='word_1_113' title='bbox 877 2147 962 2214; x_wconf 81' lang='lat' dir='ltr'>bona</span> <span class='ocrx_word' id='word_1_114' title='bbox 985 2146 1048 2214; x_wconf 85' lang='lat' dir='ltr'>fide</span> <span class='ocrx_word' id='word_1_115' title='bbox 1064 2148 1247 2242; x_wconf 72' lang='lat' dir='ltr'>descripsit:</span> 
     </span>
     <span class='ocr_line' id='line_1_17' title="bbox 283 2251 1252 2347; baseline 0.009 -29"><span class='ocrx_word' id='word_1_116' title='bbox 283 2276 385 2341; x_wconf 89' lang='lat' dir='ltr'>neque</span> <span class='ocrx_word' id='word_1_117' title='bbox 408 2251 500 2318; x_wconf 90' lang='lat' dir='ltr'>aliter</span> <span class='ocrx_word' id='word_1_118' title='bbox 521 2252 691 2336; x_wconf 87' lang='lat' dir='ltr'>Stobaeus,</span> <span class='ocrx_word' id='word_1_119' title='bbox 714 2255 767 2342; x_wconf 91' lang='lat' dir='ltr'>qui</span> <span class='ocrx_word' id='word_1_120' title='bbox 782 2254 878 2344; x_wconf 91' lang='lat' dir='ltr'>paulo</span> <span class='ocrx_word' id='word_1_121' title='bbox 893 2257 1096 2347; x_wconf 80' lang='lat' dir='ltr'>integriorem</span> <span class='ocrx_word' id='word_1_122' title='bbox 1110 2258 1165 2324; x_wconf 88' lang='lat' dir='ltr'>sed</span> <span class='ocrx_word' id='word_1_123' title='bbox 1180 2261 1252 2328; x_wconf 88' lang='lat' dir='ltr'>aliis</span> 
     </span>
     <span class='ocr_line' id='line_1_18' title="bbox 286 2363 1060 2434; baseline 0.008 -6"><span class='ocrx_word' id='word_1_124' title='bbox 286 2363 389 2428; x_wconf 90' lang='lat' dir='ltr'>modis</span> <span class='ocrx_word' id='word_1_125' title='bbox 404 2363 565 2428; x_wconf 89' lang='lat' dir='ltr'>turbatum</span> <span class='ocrx_word' id='word_1_126' title='bbox 580 2365 613 2427; x_wconf 89' lang='lat' dir='ltr'>in</span> <span class='ocrx_word' id='word_1_127' title='bbox 629 2365 691 2428; x_wconf 89' lang='lat' dir='ltr'>suis</span> <span class='ocrx_word' id='word_1_128' title='bbox 706 2363 869 2429; x_wconf 88' lang='lat' dir='ltr'>codicibus</span> <span class='ocrx_word' id='word_1_129' title='bbox 883 2365 1060 2434; x_wconf 80' lang='lat' dir='ltr'>invenerat.</span> 
     </span>
    </p>

    <p class='ocr_par' dir='ltr' id='par_1_7' title="bbox 202 2474 1251 3332">
     <span class='ocr_line' id='line_1_19' title="bbox 325 2474 1251 2563; baseline 0.01 -25"><span class='ocrx_word' id='word_1_130' title='bbox 325 2475 435 2563; x_wconf 88' lang='lat' dir='ltr'>ltaque</span> <span class='ocrx_word' id='word_1_131' title='bbox 449 2475 542 2539; x_wconf 83' lang='lat' dir='ltr'>simul</span> <span class='ocrx_word' id='word_1_132' title='bbox 555 2474 789 2541; x_wconf 77' lang='lat' dir='ltr'>iraudulentum</span> <span class='ocrx_word' id='word_1_133' title='bbox 801 2475 951 2542; x_wconf 84' lang='lat' dir='ltr'>Iudaeum</span> <span class='ocrx_word' id='word_1_134' title='bbox 964 2477 1040 2542; x_wconf 84' lang='lat' dir='ltr'>furti</span> <span class='ocrx_word' id='word_1_135' title='bbox 1051 2479 1251 2547; x_wconf 88' lang='lat' dir='ltr'>manifestum</span> 
     </span>
     <span class='ocr_line' id='line_1_20' title="bbox 278 2585 1248 2673; baseline 0.006 -24"><span class='ocrx_word' id='word_1_136' title='bbox 278 2601 422 2651; x_wconf 88' lang='lat' dir='ltr'>tenemus</span> <span class='ocrx_word' id='word_1_137' title='bbox 442 2599 475 2650; x_wconf 88' lang='lat' dir='ltr'>et</span> <span class='ocrx_word' id='word_1_138' title='bbox 497 2601 696 2673; x_wconf 87' lang='lat' dir='ltr'>compertum</span> <span class='ocrx_word' id='word_1_139' title='bbox 712 2599 813 2649; x_wconf 87' lang='lat' dir='ltr'>estex</span> <span class='ocrx_word' id='word_1_140' title='bbox 828 2587 940 2672; x_wconf 85' lang='lat' dir='ltr'>quibus</span> <span class='ocrx_word' id='word_1_141' title='bbox 954 2585 1094 2652; x_wconf 85' lang='lat' dir='ltr'>lontibus</span> <span class='ocrx_word' id='word_1_142' title='bbox 1108 2589 1248 2656; x_wconf 87' lang='lat' dir='ltr'>Graeco·</span> 
     </span>
     <span class='ocr_line' id='line_1_21' title="bbox 280 2693 1248 2790; baseline 0.01 -31"><span class='ocrx_word' id='word_1_143' title='bbox 280 2718 351 2759; x_wconf 89' lang='lat' dir='ltr'>rum</span> <span class='ocrx_word' id='word_1_144' title='bbox 373 2695 462 2757; x_wconf 90' lang='lat' dir='ltr'>locos</span> <span class='ocrx_word' id='word_1_145' title='bbox 482 2693 688 2781; x_wconf 82' lang='lat' dir='ltr'>congesserit:</span> <span class='ocrx_word' id='word_1_146' title='bbox 713 2715 829 2780; x_wconf 86' lang='lat' dir='ltr'>nempe</span> <span class='ocrx_word' id='word_1_147' title='bbox 844 2716 883 2757; x_wconf 87' lang='lat' dir='ltr'>ex</span> <span class='ocrx_word' id='word_1_148' title='bbox 897 2701 1145 2782; x_wconf 86' lang='lat' dir='ltr'>commentariis,</span> <span class='ocrx_word' id='word_1_149' title='bbox 1168 2725 1248 2790; x_wconf 87' lang='lat' dir='ltr'>quos</span> 
     </span>
     <span class='ocr_line' id='line_1_22' title="bbox 281 2798 1248 2898; baseline 0.009 -29"><span class='ocrx_word' id='word_1_150' title='bbox 281 2801 396 2869; x_wconf 79' lang='lat' dir='ltr'>emditi</span> <span class='ocrx_word' id='word_1_151' title='bbox 419 2798 623 2867; x_wconf 81' lang='lat' dir='ltr'>Alexandrini</span> <span class='ocrx_word' id='word_1_152' title='bbox 637 2800 824 2886; x_wconf 80' lang='lat' dir='ltr'>praesertim</span> <span class='ocrx_word' id='word_1_153' title='bbox 838 2802 872 2865; x_wconf 92' lang='lat' dir='ltr'>in</span> <span class='ocrx_word' id='word_1_154' title='bbox 887 2813 996 2890; x_wconf 73' lang='lat' dir='ltr'>poetas</span> <span class='ocrx_word' id='word_1_155' title='bbox 1012 2809 1144 2898; x_wconf 87' lang='lat' dir='ltr'>Epicos,</span> <span class='ocrx_word' id='word_1_156' title='bbox 1170 2813 1248 2879; x_wconf 86' lang='lat' dir='ltr'>Tra·</span> 
     </span>
     <span class='ocr_line' id='line_1_23' title="bbox 280 2906 1250 3006; baseline 0.013 -31"><span class='ocrx_word' id='word_1_157' title='bbox 280 2915 388 3002; x_wconf 82' lang='lat' dir='ltr'>gicos,</span> <span class='ocrx_word' id='word_1_158' title='bbox 415 2910 562 2976; x_wconf 77' lang='lat' dir='ltr'>Comicos</span> <span class='ocrx_word' id='word_1_159' title='bbox 591 2906 854 2996; x_wconf 81' lang='lat' dir='ltr'>conscripserant.</span> <span class='ocrx_word' id='word_1_160' title='bbox 913 2913 1131 3006; x_wconf 81' lang='lat' dir='ltr'>compertum·</span> <span class='ocrx_word' id='word_1_161' title='bbox 1152 2922 1250 2988; x_wconf 89' lang='lat' dir='ltr'>simul</span> 
     </span>
     <span class='ocr_line' id='line_1_24' title="bbox 202 3014 1250 3110; baseline 0.012 -27"><span class='ocrx_word' id='word_1_162' title='bbox 202 3037 205 3042; x_wconf 84' lang='lat'>·</span> <span class='ocrx_word' id='word_1_163' title='bbox 283 3036 345 3103; x_wconf 85' lang='lat' dir='ltr'>est,</span> <span class='ocrx_word' id='word_1_164' title='bbox 374 3042 468 3108; x_wconf 85' lang='lat' dir='ltr'>quam</span> <span class='ocrx_word' id='word_1_165' title='bbox 489 3034 609 3082; x_wconf 86' lang='lat' dir='ltr'>temere</span> <span class='ocrx_word' id='word_1_166' title='bbox 630 3014 721 3083; x_wconf 85' lang='lat' dir='ltr'>locos</span> <span class='ocrx_word' id='word_1_167' title='bbox 741 3018 876 3102; x_wconf 85' lang='lat' dir='ltr'>similes,</span> <span class='ocrx_word' id='word_1_168' title='bbox 900 3044 980 3110; x_wconf 84' lang='lat' dir='ltr'>quos</span> <span class='ocrx_word' id='word_1_169' title='bbox 994 3027 1150 3093; x_wconf 88' lang='lat' dir='ltr'>illidocte</span> <span class='ocrx_word' id='word_1_170' title='bbox 1164 3045 1250 3096; x_wconf 88' lang='lat' dir='ltr'>attu-</span> 
     </span>
     <span class='ocr_line' id='line_1_25' title="bbox 281 3128 1249 3228; baseline 0.009 -30"><span class='ocrx_word' id='word_1_171' title='bbox 281 3133 400 3213; x_wconf 89' lang='lat' dir='ltr'>lerant,</span> <span class='ocrx_word' id='word_1_172' title='bbox 422 3145 458 3194; x_wconf 90' lang='lat' dir='ltr'>ut</span> <span class='ocrx_word' id='word_1_173' title='bbox 476 3129 671 3216; x_wconf 83' lang='lat' dir='ltr'>comparatio</span> <span class='ocrx_word' id='word_1_174' title='bbox 684 3128 813 3195; x_wconf 81' lang='lat' dir='ltr'>allerret</span> <span class='ocrx_word' id='word_1_175' title='bbox 826 3129 953 3215; x_wconf 83' lang='lat' dir='ltr'>lucem,</span> <span class='ocrx_word' id='word_1_176' title='bbox 977 3158 1086 3201; x_wconf 85' lang='lat' dir='ltr'>omnes</span> <span class='ocrx_word' id='word_1_177' title='bbox 1099 3159 1160 3226; x_wconf 91' lang='lat' dir='ltr'>pro</span> <span class='ocrx_word' id='word_1_178' title='bbox 1177 3139 1249 3228; x_wconf 86' lang='lat' dir='ltr'>pla·</span> 
     </span>
     <span class='ocr_line' id='line_1_26' title="bbox 279 3237 1026 3332; baseline 0 -26"><span class='ocrx_word' id='word_1_179' title='bbox 279 3243 337 3332; x_wconf 84' lang='lat' dir='ltr'>giis</span> <span class='ocrx_word' id='word_1_180' title='bbox 352 3256 384 3306; x_wconf 84' lang='lat' dir='ltr'>et</span> <span class='ocrx_word' id='word_1_181' title='bbox 397 3237 490 3317; x_wconf 79' lang='lat' dir='ltr'>furtis</span> <span class='ocrx_word' id='word_1_182' title='bbox 506 3238 540 3302; x_wconf 89' lang='lat' dir='ltr'>in</span> <span class='ocrx_word' id='word_1_183' title='bbox 554 3261 641 3303; x_wconf 89' lang='lat' dir='ltr'>suam</span> <span class='ocrx_word' id='word_1_184' title='bbox 656 3237 845 3328; x_wconf 86' lang='lat' dir='ltr'>farraginem</span> <span class='ocrx_word' id='word_1_185' title='bbox 860 3243 1026 3328; x_wconf 86' lang='lat' dir='ltr'>receperit.</span> 
     </span>
    </p>

    <p class='ocr_par' dir='ltr' id='par_1_8' title="bbox 279 3349 1245 3992">
     <span class='ocr_line' id='line_1_27' title="bbox 324 3349 1245 3446; baseline 0.008 -30"><span class='ocrx_word' id='word_1_186' title='bbox 324 3352 408 3441; x_wconf 86' lang='lat' dir='ltr'>Ergo</span> <span class='ocrx_word' id='word_1_187' title='bbox 434 3371 473 3414; x_wconf 81' lang='lat' dir='ltr'>ex</span> <span class='ocrx_word' id='word_1_188' title='bbox 496 3349 729 3414; x_wconf 85' lang='lat' dir='ltr'>commentariis</span> <span class='ocrx_word' id='word_1_189' title='bbox 741 3349 775 3414; x_wconf 91' lang='lat' dir='ltr'>in</span> <span class='ocrx_word' id='word_1_190' title='bbox 788 3350 936 3415; x_wconf 84' lang='lat' dir='ltr'>Gomioos</span> <span class='ocrx_word' id='word_1_191' title='bbox 950 3350 1075 3438; x_wconf 87' lang='lat' dir='ltr'>scriptis</span> <span class='ocrx_word' id='word_1_192' title='bbox 1090 3361 1245 3446; x_wconf 82' lang='lat' dir='ltr'>excerpsit</span> 
     </span>
     <span class='ocr_line' id='line_1_28' title="bbox 282 3457 1245 3549; baseline 0.006 -23"><span class='ocrx_word' id='word_1_193' title='bbox 282 3477 315 3526; x_wconf 89' lang='lat' dir='ltr'>et</span> <span class='ocrx_word' id='word_1_194' title='bbox 340 3462 401 3526; x_wconf 87' lang='lat' dir='ltr'>alia</span> <span class='ocrx_word' id='word_1_195' title='bbox 424 3458 539 3541; x_wconf 86' lang='lat' dir='ltr'>multa,</span> <span class='ocrx_word' id='word_1_196' title='bbox 569 3481 649 3546; x_wconf 89' lang='lat' dir='ltr'>quae</span> <span class='ocrx_word' id='word_1_197' title='bbox 671 3458 765 3523; x_wconf 86' lang='lat' dir='ltr'>facile</span> <span class='ocrx_word' id='word_1_198' title='bbox 790 3457 1082 3549; x_wconf 74' lang='lat' dir='ltr'>deprehendentur,</span> <span class='ocrx_word' id='word_1_199' title='bbox 1111 3468 1245 3532; x_wconf 87' lang='lat' dir='ltr'>ethaeo</span> 
     </span>
     <span class='ocr_line' id='line_1_29' title="bbox 279 3568 1243 3661; baseline 0.008 -27"><span class='ocrx_word' id='word_1_200' title='bbox 279 3593 352 3659; x_wconf 88' lang='lat' dir='ltr'>pag.</span> <span class='ocrx_word' id='word_1_201' title='bbox 371 3568 448 3658; x_wconf 81' lang='lat'>751.</span> <span class='ocrx_word' id='word_1_202' title='bbox 465 3590 512 3657; x_wconf 84' lang='lat' dir='ltr'>aq.</span> <span class='ocrx_word' id='word_1_203' title='bbox 544 3568 753 3654; x_wconf 72' lang='grc' dir='ltr'>Ἀριςοφάνηι</span> <span class='ocrx_word' id='word_1_204' title='bbox 776 3568 810 3634; x_wconf 76' lang='grc' dir='ltr'>δὲ</span> <span class='ocrx_word' id='word_1_205' title='bbox 830 3574 999 3653; x_wconf 64' lang='lat' dir='ltr'>exoptata</span> <span class='ocrx_word' id='word_1_206' title='bbox 1022 3574 1138 3648; x_wconf 75' lang='grc' dir='ltr'><strong><em>ἐν-ιαῖς</em></strong></span> <span class='ocrx_word' id='word_1_207' title='bbox 1158 3583 1243 3661; x_wconf 79' lang='grc' dir='ltr'><strong><em>πρώ-</em></strong></span> 
     </span>
     <span class='ocr_line' id='line_1_30' title="bbox 280 3681 1244 3770; baseline 0.005 -25"><span class='ocrx_word' id='word_1_208' title='bbox 280 3704 348 3754; x_wconf 78' lang='grc' dir='ltr'><strong><em>ταις</em></strong></span> <span class='ocrx_word' id='word_1_209' title='bbox 375 3681 681 3766; x_wconf 66' lang='grc' dir='ltr'><strong><em>Θεσμοφοριαζούσαις</em></strong></span> <span class='ocrx_word' id='word_1_210' title='bbox 707 3682 747 3744; x_wconf 80' lang='grc' dir='ltr'>τὰ</span> <span class='ocrx_word' id='word_1_211' title='bbox 774 3682 808 3744; x_wconf 70' lang='lat' dir='ltr'>Is</span> <span class='ocrx_word' id='word_1_212' title='bbox 839 3685 903 3749; x_wconf 81' lang='grc' dir='ltr'>τῶν</span> <span class='ocrx_word' id='word_1_213' title='bbox 928 3683 1083 3767; x_wconf 81' lang='grc' dir='ltr'><strong><em>Κρατίνου</em></strong></span> <span class='ocrx_word' id='word_1_214' title='bbox 1110 3684 1244 3770; x_wconf 69' lang='lat' dir='ltr'>’Epam-</span> 
     </span>
     <span class='ocr_line' id='line_1_31' title="bbox 279 3770 1240 3876; baseline 0.004 -20"><span class='ocrx_word' id='word_1_215' title='bbox 279 3770 441 3874; x_wconf 76' lang='grc' dir='ltr'>πραμένων</span> <span class='ocrx_word' id='word_1_216' title='bbox 469 3799 657 3873; x_wconf 72' lang='grc' dir='ltr'>μετήνεγκεν·</span> <span class='ocrx_word' id='word_1_217' title='bbox 671 3792 739 3874; x_wconf 72' lang='grc' dir='ltr'>ἔπη.</span> <span class='ocrx_word' id='word_1_218' title='bbox 771 3790 905 3860; x_wconf 75' lang='grc' dir='ltr'><strong><em>Πλάτων.</em></strong></span> <span class='ocrx_word' id='word_1_219' title='bbox 922 3793 955 3859; x_wconf 70' lang='lat' dir='ltr'>dl</span> <span class='ocrx_word' id='word_1_220' title='bbox 979 3797 999 3859; x_wconf 80' lang='lat' dir='ltr'>d</span> <span class='ocrx_word' id='word_1_221' title='bbox 1024 3799 1165 3876; x_wconf 71' lang='grc' dir='ltr'><strong><em>Κωμιιιὸς</em></strong></span> <span class='ocrx_word' id='word_1_222' title='bbox 1188 3800 1240 3863; x_wconf 74' lang='lat' dir='ltr'>eal</span> 
     </span>
     <span class='ocr_line' id='line_1_32' title="bbox 282 3899 1243 3992; baseline 0.011 -26"><span class='ocrx_word' id='word_1_223' title='bbox 282 3901 488 3986; x_wconf 74' lang='grc' dir='ltr'>Ἀριςοφάνης</span> <span class='ocrx_word' id='word_1_224' title='bbox 510 3908 549 3967; x_wconf 78' lang='grc' dir='ltr'>ἐν·</span> <span class='ocrx_word' id='word_1_225' title='bbox 566 3899 711 3984; x_wconf 71' lang='grc' dir='ltr'><strong><em>Δαιδάλῳ</em></strong></span> <span class='ocrx_word' id='word_1_226' title='bbox 729 3904 769 3966; x_wconf 86' lang='grc' dir='ltr'>τά</span> <span class='ocrx_word' id='word_1_227' title='bbox 784 3901 922 3986; x_wconf 68' lang='grc' dir='ltr'>ἀλλήλων</span> <span class='ocrx_word' id='word_1_228' title='bbox 943 3908 1150 3992; x_wconf 73' lang='grc' dir='ltr'>ὑφαιροῦνται.</span> <span class='ocrx_word' id='word_1_229' title='bbox 1179 3912 1243 3977; x_wconf 87' lang='grc' dir='ltr'>Τὸν</span> 
     </span>
    </p>
   </div>
   <div class='ocr_carea' id='block_1_5' title="bbox 276 3998 1242 4104">
    <p class='ocr_par' dir='ltr' id='par_1_9' title="bbox 276 3998 1242 4104">
     <span class='ocr_line' id='line_1_33' title="bbox 276 3998 1242 4104; baseline -0.009 -26"><span class='ocrx_word' id='word_1_230' title='bbox 276 4004 384 4095; x_wconf 77' lang='grc' dir='ltr'>μέντοι</span> <span class='ocrx_word' id='word_1_231' title='bbox 401 4008 552 4078; x_wconf 74' lang='grc' dir='ltr'><strong><em>Κώκαλον</em></strong></span> <span class='ocrx_word' id='word_1_232' title='bbox 573 3998 638 4077; x_wconf 73' lang='lat' dir='ltr'>rda·</span> <span class='ocrx_word' id='word_1_233' title='bbox 649 4013 821 4094; x_wconf 59' lang='lat' dir='ltr'>melotam</span> <span class='ocrx_word' id='word_1_234' title='bbox 850 4012 995 4099; x_wconf 69' lang='grc' dir='ltr'>Ἀραρόη</span> <span class='ocrx_word' id='word_1_235' title='bbox 1014 4021 1058 4103; x_wconf 63' lang='lat'>‘93</span> <span class='ocrx_word' id='word_1_236' title='bbox 1074 4015 1242 4104; x_wconf 60' lang='grc' dir='ltr'>ἈριΜά.</span> 
     </span>
    </p>
   </div>
   <div class='ocr_carea' id='block_1_6' title="bbox 0 0 1314 4934">
    <p class='ocr_par' dir='ltr' id='par_1_10' title="bbox 0 0 1314 4934">
     <span class='ocr_line' id='line_1_34' title="bbox 0 0 1314 4934; baseline 0 2"><span class='ocrx_word' id='word_1_237' title='bbox 0 0 1314 4934; x_wconf 95' lang='lat' dir='ltr'> </span> 
     </span>
    </p>
   </div>
  </div>
 </body>
</html>
