2618 4934
531 364 573 430 73

64 565 219 646 Homeri,
250 562 403 646 Hesiodi,
418 560 516 647 bini,
545 562 687 648 Musaei,
708 564 862 655 imprimis
887 567 1026 656 Orphei,

14 672 17 679 ’
63 691 132 740 tum
149 674 334 741 Callimachi
347 688 381 738 et
395 672 528 737 aliomm
544 674 734 739 carminibus
750 676 951 764 impudenter
959 701 1031 767 sup·

60 786 224 875 posuisse:
256 801 347 871 atque
371 806 411 847 ex
435 784 473 847 iis
498 783 739 850 Commentariis
756 809 852 874 quum
877 788 955 852 alios
970 788 1029 852 Pa-

62 909 143 977 tres,
158 910 226 958 tum
243 893 394 980 imprimis
408 893 603 957 Clementem
618 893 1031 984 Alexandrinum-plurimos

61 1004 153 1069 locos
174 1004 259 1067 bona
286 999 350 1066 lide
378 999 572 1068 adverbum
601 1001 809 1091 descripsisse.
861 1004 1029 1092 stupentes

61 1137 209 1204 magnum
237 1112 460 1202 perlustramus
484 1113 629 1178 locorum
654 1136 834 1197 numerum,
856 1137 935 1202 quos
960 1115 1030 1179 Cle·

60 1239 200 1288 mentem
227 1223 382 1299 αὐτολεξεί
409 1244 449 1286 ex
473 1222 645 1288 Aristobuli
672 1246 736 1288 non
763 1225 917 1289 nominati
943 1224 1030 1289 libris

62 1333 248 1422 compilasse
270 1330 479 1420 deprehendit
498 1331 741 1398 Valckenaerius
752 1335 777 1400 l.
794 1335 817 1400 l.
839 1357 911 1424 pag.
930 1357 964 1420 9.
980 1356 1027 1422 sq.

66 1466 118 1509 11.
144 1466 213 1531 sqq.
241 1443 295 1509 66.
317 1465 386 1530 sqq.
413 1465 472 1529 71,
499 1466 558 1530 72,
582 1444 635 1530 89.
664 1444 753 1511 alibi.
799 1443 903 1525 Quam
927 1444 1029 1509 Patris

61 1552 264 1619 eruditissimi
288 1552 454 1635 fraudem,
487 1567 646 1640 utcunque
673 1554 891 1641 ficripotest,
923 1555 1029 1620 verbis

58 1662 205 1752 mitigare
229 1676 364 1725 conatur
387 1658 630 1725 Valckenaerius
651 1685 726 1752 pag.
740 1686 799 1751 72.
820 1662 907 1727 cuius
921 1663 955 1726 in
968 1663 1030 1727 bae

58 1794 96 1837 re
112 1770 300 1835 modestiam
318 1792 426 1835 omnes
439 1771 576 1837 arbitror
589 1772 713 1835 imitari
722 1770 847 1838 decere.
893 1771 956 1837 Sed
972 1772 1028 1835 mi·

60 1880 126 1944 rari
150 1880 249 1963 subit,
276 1903 337 1969 qua
350 1880 457 1945 fronte
474 1881 634 1965 Clemens,
651 1879 738 1969 quod
752 1883 854 1970 ipsum
870 1897 947 1946 tuno
962 1904 1029 1946 ma·

38 2048 40 2053 .
59 1991 144 2055 xime
159 1991 392 2072 committebat,
411 1994 525 2057 acerbe
540 1994 668 2059 summis
684 1991 879 2057 Graecorum
894 1991 1027 2082 ingeniis

58 2124 126 2166 non
144 2099 266 2167 dubitet
287 2103 492 2191 exprobrare.
580 2150 583 2155 -

102 2210 347 2276 Valckenaerius
360 2232 415 2275 eos
430 2225 553 2275 tantum
568 2213 659 2276 locos
675 2213 793 2303 attigit,
807 2236 887 2302 quos
902 2213 1029 2280 aliunde

58 2337 259 2408 compertum
275 2336 342 2385 erat
358 2336 523 2387 auctorem
538 2321 755 2387 Aristobulum
771 2324 899 2388 babere.
939 2325 1030 2389 Cete-

58 2453 130 2494 rum
156 2430 225 2519 quis
249 2429 289 2493 ad
311 2430 393 2496 hanc
408 2431 513 2494 lucem
533 2414 766 2491 Clementinum
780 2429 888 2492 locum
905 2432 1029 2518 exigens

58 2543 178 2629 poterit
198 2539 358 2622 dubitare,
382 2536 457 2624 quin
476 2536 556 2600 haec
578 2535 685 2600 omnia
702 2559 741 2600 er
756 2536 954 2620 Aristobulo,
978 2543 1030 2626 qui

59 2648 175 2737 cupide
196 2667 228 2714 et
248 2646 466 2715 fraudulenter
479 2646 543 2713 hoo
558 2662 776 2735 argumentum
791 2647 1026 2732 elaboraverat,

57 2758 169 2824 sedulo
193 2761 254 2825 sint
282 2771 445 2847 excerpta:
479 2780 573 2845 quam
597 2757 810 2845 suspicionem
830 2759 938 2825 locum
958 2758 1028 2824 dili·

57 2870 182 2958 gentius
197 2869 372 2958 exploranti
386 2868 484 2934 multa
500 2867 745 2935 confirmabunt.

101 2975 184 3041 Nam
206 2974 403 3040 Aristobulus
425 2976 589 3063 antiquum
604 2977 727 3041 obtinet
749 2994 781 3043 et
801 2978 906 3043 multis
931 2981 1027 3045 versi·

54 3086 112 3151 bus
129 3086 265 3175 Orphei,
289 3086 410 3153 Musaei
416 3102 463 3152 -et
477 3085 680 3174 Empedoclis
702 3110 721 3151 a
742 3105 842 3157 semet
864 3093 934 3178 ipso
955 3112 1025 3180 sup·

55 3195 165 3284 positis
189 3193 387 3261 confidenter
408 3195 524 3276 utitur,
541 3209 590 3260 ut
612 3195 788 3261 Homerum
809 3212 842 3263 et
856 3198 936 3263 alios
949 3196 1026 3263 furti

56 3304 225 3371 insimulet.
268 3305 352 3370 Vide
372 3327 445 3394 pag.
468 3303 545 3392 738.
568 3305 623 3369 ubi
649 3305 780 3371 eximius
807 3307 898 3373 locus
920 3306 1025 3371 Iliadis

56 3421 95 3481 Ζ.
116 3417 186 3500 147.
202 3437 270 3502 sqq.
300 3438 318 3479 e
338 3413 494 3503 languidis
516 3414 635 3479 Musaei
651 3415 790 3479 versibus
806 3414 958 3481 conflatus
974 3439 1025 3479 ar·

55 3523 180 3613 guitur,
209 3539 241 3586 et
265 3523 341 3612 752.
373 3525 512 3613 Orphica
539 3521 678 3589 eiusdem
701 3526 824 3613 generis
847 3547 919 3615 pag.
946 3524 1023 3614 751.

56 3629 272 3719 Empedoclea
286 3657 358 3724 pag.
372 3634 455 3720 746,
471 3634 524 3698 ubi
540 3633 624 3698 fraus
639 3656 704 3697 non
719 3634 811 3697 latuit
825 3633 1025 3701 Karstenium

57 3742 90 3806 in
118 3739 319 3828 Empedoclis
343 3743 443 3832 Reliq.
473 3766 547 3832 pag.
576 3743 649 3828 189.
701 3742 812 3830 Neque
833 3766 1026 3835 magnopere

56 3849 234 3939 mirandum
248 3864 310 3933 est,
322 3851 348 3914 si
362 3850 514 3917 eiusmodi
529 3852 678 3940 scriptor,
699 3851 775 3919 dum
788 3854 895 3919 omnia
911 3855 1024 3945 cupide

56 3958 194 4048 undique
220 3959 420 4044 corraderet,
446 3960 558 4028 foedos
585 3961 705 4051 aliquot
733 3965 927 4031 commiserit
942 3988 1026 4030 erro·

837 4093 874 4134 ro
