2618 4934
240 1068 243 1075 ’
299 1112 489 1218 circa
516 1099 793 1218 Trarion.

209 1368 363 1431 Comoedia
383 1363 491 1426 noeto.
532 1365 667 1426 Plutonia
685 1359 888 1444 Πείσανδρος,

356 1468 556 1558 Ὑπέρβολος,
579 1470 738 1550 Κλεωνῶν.

475 1746 638 1776 -000-

132 1967 321 2073 Dandum
341 2028 419 2075 sane
441 2023 490 2074 est
512 2015 648 2097 poeseos
662 2009 807 2074 comicae
820 2007 984 2078 historiam
999 2018 1034 2077 et

63 2142 257 2187 summorum
270 2125 440 2208 poetarum
456 2119 613 2207 reliquiias
627 2121 794 2185 maximam
810 2136 933 2210 partem
953 2144 1034 2187 non··

65 2231 123 2296 nisi
137 2251 194 2320 per
208 2227 496 2292 Grammaticorum
511 2230 627 2315 scripta
641 2228 680 2291 ad
695 2247 835 2293 nostram
845 2232 1034 2297 memoriam

65 2362 131 2409 «κ
147 2350 350 2431 propagatas.
401 2333 439 2396 In
461 2334 576 2396 horum
598 2336 832 2400 commentariis
853 2340 1035 2406 evolvendis

66 2451 237 2518 maximum
262 2467 355 2534 saepe
376 2439 515 2507 taedium
529 2442 565 2505 in
587 2441 770 2506 futilissimis
784 2443 971 2509 recentioris
979 2471 1037 2513 ae·

66 2565 141 2629 tatis
161 2557 288 2648 ineptiis
315 2551 534 2621 devorandum·
555 2569 620 2618 est:
640 2553 721 2617 tisus
741 2574 976 2642 nonnumquam
993 2558 1037 2624 oh

67 2669 224 2737 ioculares
251 2689 375 2752 errores
403 2664 560 2730 contineri
585 2665 641 2730 vix
659 2678 782 2752 potest,
802 2677 837 2728 at
854 2663 888 2729 in
906 2663 1036 2751 iisdem,

48 2825 52 2831 -
67 2780 156 2869 quasi
171 2801 330 2868 gemnae,
348 2774 499 2866 effligent
512 2798 625 2840 aureae
641 2774 836 2841 eruditorum
853 2777 1036 2845 miticorum

64 2887 362 2969 animadversiones,
380 2887 715 2976 quaeinexspectatam
726 2884 829 2952 dubiis
840 2889 1037 2980 etambiguit

64 3001 189 3081 lucem,
206 3014 259 3063 aut
271 2999 426 3089 insignem
440 2997 673 3086 incognitarum
686 3020 793 3063 rerum
810 2999 934 3088 copiam
948 3015 1037 3067 recte

63 3109 285 3178 adimentibus
296 3107 442 3173 afferunt.
465 3105 668 3197 Quapropter
682 3109 708 3171 si
723 3104 801 3195 quid
817 3109 901 3174 iniis
915 3109 1033 3198 repeti-

64 3237 130 3300 tur,
155 3218 243 3306 quod
265 3217 400 3306 receptis
425 3212 611 3302 quibusdam
632 3215 834 3304 opinionibus
859 3238 1034 3306 repugnare

63 3326 229 3410 videatur,
253 3352 319 3393 non
343 3328 430 3417 prius
453 3323 666 3390 obiiciendum
683 3335 746 3408 est,
763 3348 858 3414 quam
874 3343 965 3392 acute
980 3350 1036 3392 un·

65 3438 161 3525 dique
176 3437 216 3500 sit
232 3437 446 3526 exploratum,
462 3435 581 3501 nihilne
596 3435 702 3500 bonne
718 3434 815 3527 frugis
830 3435 998 3502 adhaereat
1013 3461 1033 3504 o
1107 3426 1111 3435 ¹

63 3549 270 3614 vetustiorum
297 3544 582 3612 Grammaticorum
615 3545 805 3612 auctoritate
835 3563 1034 3636 excerptum,

62 3657 151 3749 quod
165 3656 377 3722 recentiorum
392 3655 580 3747 negligentia
593 3671 647 3720 aut
660 3657 822 3735 obscurius
831 3657 871 3721 sit
884 3660 1032 3726 enuncia·

58 3785 143 3852 uun,
156 3780 209 3832 aut
222 3763 326 3830 alieno
340 3764 415 3829 loco
431 3765 662 3854 interpositum.
694 3764 745 3829 Ad
760 3766 825 3830 hoc
837 3789 934 3856 genus
950 3769 1032 3835 refe-

63 3875 196 3944 rendum
212 3873 360 3956 arbitror,
373 3893 452 3960 quae
465 3873 590 3961 scripsit
604 3872 740 3940 incertus
748 3873 979 3942 Grammaticus
993 3879 1034 3944 de

66 3985 210 4055 comoed.
238 4006 312 4073 pag.
335 4004 421 4048 xxxr.
439 3981 479 4049 de
494 3981 680 4060 comoediae
693 3985 876 4075 generibm:
898 3991 1035 4072 Ποιητὰο

842 4095 878 4160 15
