2618 4934
561 361 599 430 17

80 562 196 654 qtribus
211 584 279 630 non
289 565 427 630 obscure
440 563 637 653 tyrannidem
650 565 684 630 in
696 567 820 634 civitate
832 569 929 636 libera
942 586 1050 636 natam

73 699 144 741 esse
168 674 358 741 socordibus
383 675 502 740 civibus
523 677 711 764 exprobrat3
735 677 817 743 unde
832 679 932 745 facilis
947 682 1046 770 suspi-

75 786 129 850 cio
156 798 203 849 est
227 785 260 847 in
283 781 393 848 eadem
419 782 586 848 comoedia
609 784 777 850 Teleclidis
795 788 888 854 fuisse
908 788 1045 874 lectum,

74 892 165 983 quod
187 895 221 957 iu
243 892 402 957 Plutarchi
427 892 502 957 loco
518 894 660 981 proxime
675 896 858 983 praecedit,
880 898 976 964 fuisse
992 923 1047 965 co·

75 1007 199 1087 micon,
224 1004 276 1091 qui
297 1002 429 1067 Periclis
449 1004 567 1068 amicos
587 1009 820 1092 Πεισιςρατίδαι
838 1009 925 1085 νέοισι
941 1010 1050 1099 appel·

75 1115 199 1197 larent,
223 1117 318 1181 αὐτὸν
343 1113 374 1180 d’
401 1116 552 1198 ἀπομόσαι
574 1122 615 1199 μὴ
644 1127 840 1204 τυραννήσειν
862 1121 1049 1203 κελεύοντες,

74 1231 117 1302 oie
147 1227 337 1312 ἀσυμμέτρου
365 1229 438 1311 πρὸς
469 1227 675 1312 δημοκρατίαν
702 1265 745 1279 -
771 1237 861 1316 οὔσης
882 1235 1049 1320 ὖπεροχῆςε

75 1334 163 1424 quod
178 1359 218 1401 eo
234 1335 377 1401 acerbius
391 1334 539 1401 mordere
555 1336 664 1403 debuit
679 1338 810 1405 Periclis
824 1356 856 1405 et
872 1343 1048 1406 amicorum
1120 1346 1123 1353 '

77 1446 222 1530 animos,
247 1445 333 1534 quod
354 1466 421 1511 non
445 1445 522 1510 falsa
536 1447 752 1532 iactabantur,
777 1465 923 1539 eratque,
944 1466 980 1516 ut
994 1450 1049 1516 ille

80 1556 141 1639 ait,
175 1556 255 1642 loyor
288 1561 346 1638 μὲν
379 1558 584 1641 δημοκρατία,
606 1561 686 1643 ἔργῳ
709 1560 743 1625 δὲ
769 1565 828 1627 ὑπὸ
853 1568 904 1628 τοῦ
928 1566 1050 1647 πρῶτον

77 1670 189 1754 ἀνδρὸς
205 1671 280 1756 α’ρχή
294 1667 354 1757 (r).
400 1667 491 1733 Idem
507 1669 708 1734 acerbissime
723 1669 854 1734 Periclis
867 1669 1051 1734 deformita-

76 1795 141 1845 tem
170 1778 281 1866 eapitis
305 1777 429 1862 irridet,
452 1780 498 1845 ita
523 1795 559 1843 ut
583 1776 678 1844 facile
704 1777 814 1843 odium
836 1780 962 1843 subesse
981 1800 1050 1842 sen⁴

75 1889 137 1952 tias
151 1886 216 1976 (a),
240 1886 417 1976 eodemque
440 1888 547 1952 auimo
567 1888 788 1952 meretriculae
812 1908 953 1951 amorem
977 1886 1048 1975 viro

78 2018 201 2063 summo
227 1998 338 2062 obiicit
361 1996 447 2087 apud
471 1998 588 2065 Athen.
605 1998 648 2063 X.
672 2020 746 2087 pag.
767 1996 842 2077 436.
859 1996 898 2063 F.
945 1997 1050 2062 Etiam

75 2108 269 2198 Hermippus
288 2108 427 2198 primum
442 2107 569 2173 lieentia
584 2131 657 2173 usus
672 2106 871 2174 convitiandi-
883 2107 1047 2189 omnibus,

81 2241 158 2307 quos
180 2217 282 2308 plebis
302 2217 493 2306 suspiciones
516 2218 723 2305 premebant,
748 2215 864 2281 deinde
879 2216 949 2305 lege
964 2221 1052 2280 codr-

78 2324 179 2410 eitus,
204 2324 281 2398 odio
299 2337 333 2392 et
348 2327 395 2392 ira
410 2328 442 2392 in
459 2342 623 2392 auctorem
638 2327 795 2392 Periclem
810 2325 1051 2392 maledicentiae

79 2439 143 2505 tela
164 2432 312 2504 coniecit.
357 2435 435 2501 Odii
453 2436 600 2502 acerrimi
620 2434 773 2500 indicium
787 2437 938 2503 habemus
953 2436 988 2501 in
1003 2459 1052 2501 ae·
1122 2526 1124 2530 ἱ

70 2549 243 2614 ,οσοοτὶοπε
265 2547 454 2637 impietatis,
480 2567 541 2632 qua
571 2546 734 2634 Aspasiam
759 2545 793 2609 in
816 2545 920 2632 saluus
942 2544 1052 2610 discri-

79 2681 155 2724 men
183 2657 331 2740 adduxit,
355 2658 403 2720 nil
428 2654 509 2737 tale,
533 2655 664 2744 opinor,
687 2652 727 2719 de
754 2677 788 2720 se
814 2657 1050 2737 commeritum,

78 2765 137 2832 sed
147 2782 183 2830 ut
190 2767 328 2831 invisum
341 2763 497 2828 Periclem
507 2765 607 2829 atroci
620 2762 733 2828 dolore
746 2767 911 2831 cruciaret.
923 2766 1054 2851 ,Ἀσπιπ

80 2877 152 2953 σία,
186 2876 231 2938 ait
249 2874 460 2957 Plutarchus,
485 2873 506 2939 l.
532 2874 555 2939 l.
582 2896 653 2962 cap.
679 2873 784 2940 XXII.
813 2875 902 2958 δίκην
929 2878 1056 2958 ἔφευγεν

82 2986 241 3075 ἀσεβείας,
273 2985 448 3070 Ἑρμίππου
476 2992 528 3050 τοῦ
558 2987 795 3069 κωμῳδιοποιοῦ,
814 2986 977 3063 διώκοντος
1004 2990 1058 3055 sol

78 3104 411 3185 προσκατηγοροῦντος,
433 3100 476 3172 ὥς
495 3096 640 3182 Περικλεῖ
660 3102 808 3176 rauciens
831 3096 992 3183 ἐλευθέρας
1012 3102 1058 3172 ,εἷς

84 3212 120 3275 τὸ
139 3210 214 3275 αὐτὸ
232 3213 388 3291 ’φοιτώσας
406 3209 610 3294 ’ὑποδέχοιτοτ
638 3229 677 3271 ex
702 3229 765 3294 quo
793 3229 879 3276 novo
903 3208 1055 3295 crimine,

81 3318 169 3407 quod
188 3315 527 3400 sinecausa'addidit,
551 3316 727 3397 luculenter
737 3329 883 3398 constat,
907 3339 966 3405 per
980 3336 1057 3400 uxor

84 3429 129 3494 ris
139 3430 221 3493 latus
230 3429 297 3518 peti
309 3431 413 3494 virum
428 3429 589 3511 eximium,
602 3428 778 3515 quibamus
791 3424 945 3507 sordium,
962 3447 980 3488 a
991 3445 1059 3512 qure-

79 3537 146 3603 -bus
161 3538 296 3602 maxime
311 3537 519 3618 abhorrebat,
536 3537 668 3603 nonnisi
681 3535 866 3625 plebeculae
880 3535 1059 3613 rumoribus

84 3659 216 3737 poterat
230 3646 413 3726 insimulari.
455 3647 555 3729 ilarius
569 3663 675 3712 autem
688 3646 804 3713 atrocis
819 3644 901 3730 odii,
917 3646 1059 3733 (τοιαῦτα,

92 3816 155 3829 ...-

118 3902 163 3974 (t)
182 3894 302 3975 Thucyd.
320 3901 357 3956 11.
375 3901 418 3956 65.
458 3896 494 3929 '¹³
555 3918 560 3929 ⁴
1044 3932 1047 3939 ·

102 3984 511 4056 (artocreas-manill.
557 4031 561 4040 ,
683 4020 688 4041 .·
746 4011 749 4042 :
826 4032 829 4041 .
945 4040 949 4047 .
