2618 4934
659 332 696 437 6.

184 568 247 668 qua
261 523 453 646 crescentem
468 573 660 642 Comoediae
674 575 895 665 petulantiam,
912 597 1006 665 quam
1022 553 1151 645 civibua

180 691 384 781 grandimam
406 686 548 770 videbat,
571 692 720 752 coircere
739 687 859 751 noluit:
883 687 1028 752 sollerter
1048 689 1144 754 intel·

179 802 277 892 ligens
294 800 343 865 his
355 806 521 890 poetarum
533 798 613 862 iocis
623 797 742 886 placari
754 797 850 888 magia
861 797 1012 863 invidiam
1026 798 1144 865 civium

179 932 273 998 qnam
300 907 437 975 incendi.
480 905 604 972 Deinde
630 907 905 992 initioPericlea,
929 931 1025 997 quum
1048 910 1143 975 variis

64 1037 65 1041 ’
176 1019 379 1086 inimicorum
407 1016 527 1082 insidiis
557 1031 589 1081 et
622 1017 810 1082 factionibus
841 1020 1139 1106 circumveniretur,

92 1161 95 1172 =
178 1144 307 1196 coactus
338 1144 386 1195 est
415 1128 565 1218 pleraque
590 1127 758 1219 gratificari
784 1128 927 1218 populo,
958 1145 1143 1218 exspectant

175 1223 309 1306 meliora
325 1256 485 1328 tempora,
501 1229 610 1326 quibus
625 1236 875 1304 adversariorum
889 1254 976 1304 metu
988 1239 1141 1306 literana

174 1349 328 1440 populum
352 1348 403 1415 vel
423 1347 584 1413 nolentem
607 1345 648 1412 ad
662 1347 829 1413 meliorem
840 1347 963 1438 frugem
979 1364 1012 1414 et
1026 1347 1140 1416 mude-

174 1460 267 1524 stiam
288 1458 472 1524 reducturus
493 1472 584 1525 esset.

175 1607 180 1615 ·
217 1569 374 1652 Quamdiu
384 1569 633 1660 igiturPericles,
646 1583 682 1634 ut
691 1567 822 1661 pulchre
833 1567 1137 1661 aitPlutarchus(r),

172 1697 239 1748 erat
263 1688 420 1771 χειροήθης
440 1686 483 1766 τῷ
504 1682 589 1766 δήμῳ
608 1684 661 1746 καὶ
684 1682 789 1770 ῥᾴδιος
808 1682 1143 1754 declarandorum·

173 1794 291 1861 διδόναι
319 1800 386 1868 ταῖς
413 1793 610 1873 ἐπιθυμίαις,
640 1790 738 1875 ὥοπερ
760 1797 885 1866 πνοαῖς,
910 1795 972 1857 τῶν
994 1793 1133 1871 aalma,

172 1899 248 1970 fieri,
262 1901 353 1964 aliter
372 1921 439 1963 nou
454 1898 573 1987 potuit,
598 1897 674 1984 quin
688 1899 843 1961 comicam
858 1897 981 1963 Musam
996 1903 1137 1986 quamvis

170 2004 401 2101 proterviorem
416 2008 526 2074 ludere
538 2023 591 2072 aut
606 2008 777 2073 conviciari
790 2033 891 2098 aequo
906 2010 1009 2075 auimo
1024 2031 1134 2099 pateus

171 2116 237 2205 ait,
259 2136 314 2185 aut
337 2120 432 2184 etiam
453 2142 491 2184 ex
512 2119 574 2182 suis
598 2120 711 2207 opibus
737 2119 913 2186 fabularum
937 2119 1133 2189 edendarum

171 2229 436 2320 magnificentiam
460 2230 594 2294 auxerit:
622 2231 656 2294 in
683 2253 775 2318 quam
803 2233 988 2304 seutentiam
1007 2234 1133 2324 egregie

171 2342 321 2433 explicari
337 2341 454 2429 poterit
473 2340 632 2406 Plutarchi
647 2341 736 2406 locus
747 2341 809 2431 (a),
825 2344 878 2407 ubi
893 2343 1003 2422 ἄλλοις
1022 2372 1055 2412 τε
1077 2375 1133 2431 μι-

169 2459 332 2539 σθοφοραῖς
354 2455 405 2517 καὶ
429 2451 581 2539 χορηγίαις
604 2452 788 2527 συνδεκάσας
808 2457 844 2518 τὸ
863 2452 982 2537 πλῆθος
996 2453 1128 2524 dicittrr:

167 2586 242 2629 nam
266 2587 333 2629 non
359 2563 462 2652 potuit
484 2563 582 2652 magis
609 2561 784 2628 abblandiri
812 2564 949 2647 civibus,
973 2589 1066 2653 quam
1090 2589 1131 2634 ea
1179 2543 1184 2550 ⁸

169 2673 330 2756 ornando,
352 2695 432 2759 quae
447 2689 479 2736 et
495 2671 728 2736 oblectamento
743 2690 832 2739 eraut
846 2689 878 2738 et
890 2674 1132 2743 libertati'tueu-

167 2782 227 2848 dae
252 2805 318 2847 esse
339 2782 542 2873 putabantur.
586 2783 630 2846 At
652 2805 692 2846 ne
711 2784 757 2847 sic
778 2783 903 2872 quidem
924 2785 1130 2854 (lomicorum

168 2891 410 2958 mordacitatem
433 2891 559 2982 elingit,
583 2893 635 2979 qui
660 2893 810 2981 quidquid
830 2897 863 2960 in
878 2918 947 2985 rep.
966 2897 1047 2962 male
1062 2899 1130 2988 geri

166 3002 344 3086 videbatur,
369 3003 524 3069 Periclem
550 3004 723 3094 arguebant
749 3021 804 3069 aut
829 3007 1011 3072 abutentem
1030 3008 1128 3075 nimia

167 3115 354 3179 auctoritate
370 3124 423 3178 aut
438 3110 599 3179 socordius
615 3127 768 3179 utentem.
813 3113 855 3176 Et
869 3118 952 3182 circa
966 3117 1045 3184 haec
1059 3117 1126 3184 lere

167 3240 327 3314 tempora,
349 3246 386 3288 ea
406 3221 494 3307 dico,
517 3226 628 3312 quibus
649 3249 722 3292 cum
737 3226 860 3292 Pericle
874 3239 1019 3316 potentes
1033 3230 1128 3295 nobi·

164 3329 242 3400 lium
264 3334 416 3400 factiones
438 3333 478 3399 da
499 3336 675 3424 principatu
696 3336 943 3421 contendebant,
965 3355 1058 3426 atque
1072 3339 1127 3405 hic

83 3490 85 3495 -
166 3446 311 3510 omnibus
331 3446 446 3511 artibus
464 3445 592 3511 incensa
606 3447 708 3535 plebis
722 3448 757 3510 iu
770 3471 804 3513 se
820 3447 922 3513 studia
938 3448 1127 3517 confirmare

166 3555 340 3640 nitebatur,
361 3557 504 3646 suspicor
522 3557 662 3623 comicos
679 3557 826 3624 audacius
840 3556 967 3645 aliquod
984 3574 1016 3623 et
1030 3586 1128 3643 αοομι·

164 3669 294 3755 aaran
311 3689 375 3733 esse
391 3668 538 3752 molitos,
562 3668 648 3758 quod
668 3668 745 3733 boui
761 3671 845 3737 cives
858 3669 893 3734 iu
907 3692 1028 3735 summa
1043 3668 1127 3734 indi·

196 3923 239 3994 (1)
258 3925 289 3977 lu
306 3926 402 3979 Pericl.
418 3942 475 3996 cap.
492 3923 547 3977 XV.

197 4009 240 4079 (2)
258 4011 288 4063 lu
305 4010 401 4064 Portet.
418 4025 477 4076 cap.
494 4005 538 4058 IX.
