2618 4934
197 568 308 635 ἒγέλιιν,
328 566 412 637 (nteit
423 565 646 640 Veaminii-87.)
660 564 734 632 aalys
749 511 905 636 sinceritas
919 565 1075 634 θιόμινιι,

121 658 214 712 Οὐδὲν
231 655 275 729 ἄρ’
294 660 359 722 ἐμοῦ
376 658 478 723 μλλον,
496 657 557 707 ὅσον
575 657 608 709 δὲ
626 656 708 720 μόνον
726 657 851 724 εἰδέναι,

116 750 300 814 Σκωμμάτιον
318 741 412 801 εἴποτέ
429 767 457 798 τι
473 745 643 811 θλιβόμενος
661 745 781 812 ἐκβαλῶ.

106 893 202 967 atque
218 877 264 941 sic
278 874 336 949 nisi
350 889 417 941 astu
432 873 652 964 praecavisset,
669 870 775 964 legum
790 873 988 939 severitatem
998 873 1073 940 fuis-

106 1003 156 1055 set
176 967 331 1085 expertus.
377 982 470 1049 Unde
491 983 566 1049 satis
588 1000 718 1073 apparet
737 1006 803 1048 non
818 983 923 1077 legunt
938 984 1074 1051 auctori·

15 1120 21 1131 ·
106 1113 173 1184 tate
197 1095 251 1162 sed
276 1094 378 1186 gratia
399 1093 510 1183 populi
525 1094 666 1161 comicos
680 1093 809 1185 impune
826 1094 957 1189 abiisse,
980 1093 1075 1161 nihil·

108 1230 169 1297 que
184 1219 349 1295 praeterea
363 1201 636 1301 hrissepraesidii,
661 1226 724 1292 quo
739 1203 924 1272 niterentur.
964 1204 1075 1295 Itaque

108 1301 283 1381 cavendum
306 1328 393 1395 erat,
418 1334 459 1378 ne
477 1311 553 1402 quid
568 1312 653 1403 quod
667 1314 819 1405 populum
834 1312 1011 1381 olfeuderet
1024 1314 1073 1379 in·

108 1426 227 1491 cautius
250 1426 408 1489 iacerent:
432 1422 516 1489 unde
540 1440 631 1490 atrox
651 1442 719 1492 erat
744 1426 902 1491 accusatio
926 1425 1072 1510 Cleonis,

108 1535 162 1625 qui
187 1534 431 1623 Aristophanem
456 1533 573 1598 famam
599 1534 733 1599 civitatis
754 1534 966 1624 spectantibus
986 1556 1075 1624 pere·

109 1644 207 1737 grinis
233 1643 357 1709 laesisse
386 1641 609 1740 contendebat.
655 1644 706 1709 Ab
734 1666 774 1708 eo
803 1657 907 1710 autem
933 1657 1078 1732 ternpore

107 1762 224 1851 podtae
244 1739 353 1819 omnes
376 1754 596 1845 Aristophanis
619 1753 766 1844 exemplo
791 1750 945 1819 admoniti
966 1751 1076 1818 sedado

112 1879 279 1948 caverunt,
297 1862 428 1953 nequid
443 1862 617 1929 istiusmodi
632 1863 691 1929 sibi
709 1862 886 1949 excideret,
903 1861 989 1951 quod
1004 1886 1076 1931 ean·

111 1973 183 2058 dem
210 1959 401 2041 calumniam
425 1995 532 2064 posset
558 1975 686 2043 elicere.
730 1974 807 2040 Non
832 1974 892 2041 alia
918 1971 958 2040 de
984 1997 1077 2069 causa

107 2068 467 2177 primus'Aristophanes
479 2087 513 2149 in
525 2085 668 2151 Aeliam.
683 2083 745 2151 515
757 2107 825 2177 sqq.
837 2085 957 2171 sicubi
969 2099 1076 2153 caieta

246 2244 343 2309 Ἦμιλν
358 2247 427 2317 γὰρ,
444 2245 563 2316 ἄνδρες,
584 2238 665 2314 (cdxl
681 2250 734 2312 τὴν
750 2247 830 2298 πόλιν
845 2246 931 2314 λέγω,

249 2336 405 2403 Mimo&
422 2338 519 2399 τοῦθ’,
536 2336 580 2387 dte
598 2337 663 2402 αὐχλ
680 2340 732 2402 τὴν
748 2337 827 2389 πόλιν
844 2337 927 2407 λέγει)

253 2421 335 2479 Ἀλλ’
355 2428 490 2496 ἀνδράρια
505 2426 640 2491 μοχθηρά
655 2451 692 2465 -

232 2504 453 2578 ΔἸἰσυιιοφάντιι
471 2512 622 2583 Μεγαρέων
639 2514 675 2565 τὰ
692 2512 849 2582 χλανίσκια.

111 2658 213 2748 Attigi
232 2674 338 2724 autern
352 2658 418 2730 hoc
432 2668 616 2742 propterea,
638 2669 674 2719 ut
687 2670 839 2744 appareat
853 2651 937 2723 unde
952 2672 1025 2723 nata
1038 2657 1080 2727 sit

110 2767 362 2848 narratiuncula,
380 2763 531 2835 Cleonem
548 2764 653 2831 tulisse
667 2765 788 2855 legem,
807 2790 847 2834 ne
862 2767 912 2833 cui
925 2772 1080 2855 νωμῳόιῖν

27 2954 30 2961 .
112 2880 239 2963 ὀνομαςλ
252 2879 375 2944 liceret.
411 2875 506 2941 Cuius
520 2877 567 2943 rei
582 2891 694 2943 auctor
707 2891 755 2943 est
768 2876 936 2947 Scholiast.
964 2879 1077 2951 Venet.

109 2989 152 3057 ad
177 2990 274 3076 Vesp.
302 2985 381 3055 1331
407 2985 531 3075 (1282).
575 2988 769 3074 Ἐψιγφλσατο
793 2995 815 3058 ὁ
838 2993 947 3062 Κλέων
973 2997 1080 3080 μηκέτι

110 3102 175 3171 aar
202 3099 363 3184 κωμῳδίας
391 3101 444 3167 tut
473 3106 610 3182 θεάτρων
637 3104 826 3189 εἰσάγεσθαι,
848 3119 882 3170 et
901 3096 1079 3171 Scholiasta

111 3210 256 3281 Aristidis
279 3211 318 3277 Τ.
343 3211 400 3277 111.
423 3232 497 3298 pag.
523 3213 600 3290 444.
622 3210 720 3283 Diod.
744 3220 1015 3302 Κατγγσρήσαντος
1036 3250 1081 3273 -.

112 3328 165 3392 toti
182 3324 324 3398 Κλέωνος·
343 3323 568 3408 ’Artacoana
588 3325 716 3412 ὕβρεως,
737 3324 830 3409 ἐτέθη
851 3332 954 3412 νόμον,
972 3327 1080 3409 μηκέτι

114 3433 224 3508 ἐξεῖναι
237 3435 391 3519 nepotata
402 3435 540 3516 ὀνομαςλ.
569 3434 709 3524 Uterque
723 3432 969 3517 Grammaticus,
984 3458 1080 3522 quum

114 3541 260 3607 nonnihil
274 3546 342 3609 veri
356 3530 573 3628 inaudivisset,
587 3545 749 3611 falsissima
764 3542 946 3611 admiscuit:
963 3537 1079 3638 nempe

113 3653 218 3721 Cleon
241 3657 341 3740 poe'tis
363 3656 493 3723 incussit
516 3671 694 3737 terrorem,
717 3679 759 3721 ne
781 3657 888 3723 omnia
907 3659 968 3726 sibi
983 3661 1079 3727 licere

112 3765 338 3854 opinarentur,
360 3766 529 3856 docuitque
551 3768 710 3833 actionem
731 3771 842 3855 ὕβρεως
861 3770 899 3834 iis
914 3795 979 3838 esse
994 3774 1078 3862 peri·

113 3873 275 3955 culosam,
299 3873 354 3960 qui
375 3875 474 3963 ipsam
487 3875 715 3965 rempublicam
730 3881 968 3948 Atheniensium
983 3882 1079 3969 paulo

112 3986 243 4057 libanu
256 3984 489 4057 cavillantur.
533 3985 597 4055 Sed
610 3987 698 4068 idern
710 3991 759 4059 bis
772 3993 965 4081 temporibus
975 4012 1079 4080 neque
