2618 4934
577 375 695 456 ’σι

187 598 328 679 καθάπερ
347 592 443 681 multi
465 593 650 681 docuenmt)
673 600 729 672 τὰς
753 600 892 685 χορηγίας
912 601 1037 687 περιεῖλε
1056 611 1153 691 Kasa-

183 705 259 782 σίας.
306 703 557 768 Ασσὶδὶσσσλιοσ
582 720 655 793 post
677 707 796 772 eiectos
815 709 1039 799 Trigintaviros
1064 718 1154 781 resti·

181 830 347 903 tutamque
373 813 550 878 libertatem
573 816 684 905 populi
709 819 852 882 novimus
867 819 1027 886 luculento
1042 822 1151 912 Lysiae

179 924 312 1007 indicio,
329 922 412 1014 apud
424 947 517 1012 quem
532 947 604 1014 pag.
627 926 696 991 162.
712 927 752 991 R.
763 951 834 993 reus
845 929 904 994 ait:
919 934 969 997 ἐπὶ
983 933 1150 1002 Εὐκλείδου

181 1037 493 1122 κωμῳδσῖςρσρηγῶκ
514 1036 735 1123 Κηφισοδώρῳ,
770 1036 828 1126 (sic
854 1055 941 1104 recte
971 1040 1149 1108 emendavit

179 1146 318 1213 Clinton.
342 1147 376 1210 in
393 1146 485 1211 Ferat.
509 1145 631 1211 Hellen.
655 1170 727 1237 pag.
750 1145 806 1233 95.
830 1148 915 1238 vulg.
938 1153 1151 1241 Κηφισοδότῳ)

178 1258 287 1325 leison
309 1255 524 1339 widnalium
547 1261 602 1325 dds
622 1265 660 1342 τῇ
682 1265 737 1340 τῆς
757 1265 861 1341 σκευῆς
882 1262 1027 1328 διαθέσει
1044 1267 1147 1330 issul-

178 1368 252 1436 δεκα
268 1376 357 1451 μιᾶς.
402 1365 465 1432 Sed
481 1367 545 1431 iarn
560 1365 662 1431 multo
675 1367 763 1456 prius
778 1369 908 1456 pristina
924 1372 1014 1436 chori
1030 1376 1148 1463 magni·

176 1477 304 1544 lieentia
318 1478 500 1560 remiserat,
525 1492 603 1542 teste
616 1475 792 1543 Scholiasta
805 1478 981 1567 Euripidis,
995 1483 1056 1569 qui
1070 1484 1146 1548 scri·
1200 1520 1205 1537 ι

175 1588 225 1654 bit
248 1587 288 1654 ad
309 1589 456 1653 Medeam
478 1609 524 1652 vs.
549 1585 625 1675 517.
650 1593 729 1654 κατὰ
753 1572 787 1655 δέ
806 1595 930 1665 τούτους
947 1592 1006 1676 ἤδη
1025 1598 1065 1660 τὰ
1083 1600 1146 1664 raia

175 1704 275 1790 χορῶυ
293 1704 482 1784 imporat,
507 1695 595 1785 quod
615 1698 754 1786 pertinet
774 1697 815 1762 ad
832 1699 999 1786 repetitam
1013 1702 1146 1767 Medeae

142 1809 144 1813 ’
175 1807 350 1874 editionem
371 1822 444 1894 post
461 1805 588 1894 Olymp.
605 1806 689 1883 XCI.
712 1805 745 1874 3.
790 1806 871 1871 Tum
886 1807 1067 1874 saltationes
1082 1810 1145 1874 Co·

176 1918 292 2000 micae,
315 1917 425 2004 quibus
453 1915 531 1981 olim
555 1921 669 2005 poetae
697 1932 891 2005 spectatores
910 1918 1143 2004 exhilarabant,

174 2027 323 2118 paulatim
346 2026 518 2091 abierant
508 2048 542 2089 sn
563 2023 819 2110 desuetudinem,
849 2025 890 2092 de
914 2048 975 2115 qua
994 2052 1029 2094 re
1050 1969 1143 2096 Platd

171 2141 206 2207 ἐκ
219 2143 352 2209 Σκευαῖς
367 2134 481 2198 acerbe
497 2135 637 2220 queritur
650 2133 735 2223 apud
750 2137 948 2202 Athenaeum
965 2139 1051 2204 XIV
1070 2163 1142 2230 pag.

173 2247 249 2313 628.
273 2245 317 2311 D.
340 2245 389 2309 his
403 2236 525 2308 verbis.

180 2418 298 2480 ’.Ωςέλ
315 2415 486 2488 ςῶρχτ
503 2401 595 2486 (1)
582 2404 825 2481 ιιέαΓμῆκμῦ
809 2382 1042 2488 υκδλδρῶικσσ
1045 2390 1149 2488 indi.

180 2514 262 2566 Ἀλλ
279 2511 351 2563 derra
338 2528 369 2581 ερ
386 2508 559 2577 &abaciam
534 2504 661 2571 σικςάδη
679 2504 761 2563 {salte
730 2524 776 2564 τις
792 2506 925 2578 ὤρσιῶ

168 2688 281 2776 quibus
295 2685 464 2776 pristinum
478 2680 647 2744 chororum
663 2679 868 2769 splendorem
881 2701 954 2745 eum
966 2686 1138 2772 praesentis
1204 2684 1215 2699 '

168 2797 278 2862 aetatis
298 2794 452 2861 tenuitate
472 2786 649 2879 indignatus
672 2792 890 2878 comparabat.

212 2906 363 2970 Docuisse
379 2916 480 2968 autem
492 2898 616 2966 videtur
628 2899 816 2966 Plato-hanc
830 2900 1036 2970 Comoediam
1050 2906 1136 2973 circa

166 3011 390 3105 Olympiadem
416 3010 540 3092 xcnt,
578 3007 665 3096 quod
693 3009 766 3072 satis
799 3024 888 3073 oerto
920 3011 1089 3080 conficitur
1115 3039 1134 3082 e

163 3126 359 3216 fragmento,
382 3117 469 3211 quod
492 3141 587 3208 supra
609 3118 823 3206 apposuimus,
847 3120 903 3184 uhi
924 3121 1131 3212 Agyrrhium,

165 3237 237 3324 quia
262 3234 467 3301 comicorum
494 3225 676 3294 mercedem
706 3229 928 3313 imminuerat,
963 3235 1132 3324 exagitasse

163 3345 289 3411 dieitur.
325 3343 450 3408 Eodem
465 3353 651 3429 argumento
667 3338 872 3404 Sannurionis
889 3347 1030 3428 Δσυάηυ,
1050 3364 1130 3431 quae

166 3455 262 3519 etiam
282 3452 342 3517 alia
360 3451 400 3516 de
416 3471 508 3515 eausa
524 3446 563 3513 ad
578 3449 658 3513 haee
673 3454 819 3538 tempora
832 3449 992 3538 pertinere
1004 3449 1130 3518 videba-

163 3578 216 3627 tur
234 3557 312 3649 (vid.
336 3560 432 3626 Clint.
448 3560 540 3624 Faat.
558 3555 642 3622 Hell.
659 3578 733 3646 pag.
752 3554 821 3644 87.)
838 3554 879 3621 ad
897 3555 1028 3624 eandem
1044 3577 1128 3633 aeta·

163 3687 229 3738 tem
250 3667 448 3735 referendam
470 3688 537 3733 esse
557 3689 658 3756 prope
681 3680 802 3730 certum
824 3679 880 3731 est.
1137 3666 1140 3671 ’

194 3931 236 4001 (1)
255 3928 349 3984 Editur
365 3927 471 3998 ὀρχοῖτ’
444 3932 576 4002 ησυσδ
591 3931 720 3989 solearum
738 3945 786 3988 est.
820 3935 937 3990 Correxit
953 3936 1107 4031 Bargkiusa
1094 3957 1134 4009 ap.

162 4012 271 4068 Heinek.
290 4016 401 4081 Fragm.
421 4012 452 4067 G.
471 4032 531 4086 pag.
548 4016 607 4072 aas.
