2618 4934
745 367 787 433 ta

287 570 548 689 inspectatores
573 569 789 655 oblectarent,
820 587 855 638 ut
874 593 915 638 ne
936 570 1073 637 violatae
1095 571 1173 662 legis
1192 573 1253 638 cri·

288 703 363 748 men
384 684 418 747 in
438 704 507 748 sese
528 683 644 747 coniici
665 699 783 806 posset.

331 790 434 856 Non
437 806 542 857 tamen
571 791 645 857 viris
674 791 843 888 ingeniosis
876 789 1016 854 sollertia
1047 789 1165 855 deluit·
1198 789 1258 855 sed

289 923 478 1007 quamquam
503 925 522 968 a
542 912 612 992 rep.
635 899 808 990 populique
821 901 998 967 rectoribus
1012 900 1118 990 palam
1133 916 1169 965 ut
1182 917 1259 966 ante

289 999 455 1101 carpendis
485 1012 733 1077 abstinuerunt
723 1013 835 1095 inviti,
865 1027 971 1076 tamen
1000 1011 1034 1075 in
1067 1011 1258 1100 argumentis

203 1109 207 1117 ⁴
287 1120 477 1211 lepidissime
492 1122 573 1187 fictis
584 1145 636 1205 ea,
661 1122 813 1209 quaesibi
823 1059 932 1210 inepta
945 1135 999 1186 aut
1011 1120 1157 1208 improba
1169 1119 1259 1186 vide·

287 1232 419 1316 bantur,
434 1254 492 1322 per
506 1233 668 1322 ambages,
685 1229 741 1296 sed
755 1232 799 1297 ita
814 1248 850 1296 ut
866 1247 973 1296 acutus
988 1245 1148 1320 spectator
1162 1229 1259 1294 intel·

213 1333 215 1338 ’
288 1341 387 1430 ligere
402 1357 527 1431 posset,
546 1340 658 1408 callide
673 1343 843 1425 notabant,
862 1357 896 1406 et
910 1343 944 1405 in
958 1343 1022 1404 hoc
1036 1362 1151 1429 genere
1166 1339 1261 1403 ioco·

287 1472 358 1516 rum
374 1453 469 1517 etiam
484 1454 582 1544 magis
597 1476 693 1541 quam
708 1469 801 1517 antea
816 1449 973 1540 splenduit
989 1449 1075 1512 dives
1089 1455 1260 1536 poetarum

186 1603 188 1607 <
287 1583 368 1626 rena
398 1578 430 1627 et
456 1563 661 1628 urbanissimo
691 1561 859 1641 dicacitas,
891 1581 954 1645 quo
981 1558 1051 1645 plus
1080 1557 1198 1646 leporis
1224 1573 1260 1624 et

289 1668 474 1736 facetiarum
503 1673 635 1760 requirit
664 1670 791 1735 urbanis
820 1666 936 1731 aculeis
966 1665 1102 1752 aliquem
1128 1664 1259 1753 ludere,

190 1819 194 1825 ⁷
288 1804 385 1868 quam
394 1783 552 1846 conviciis
566 1781 671 1869 palam
689 1777 833 1841 irridere.
879 1768 1090 1839 Luculentum
1104 1775 1195 1840 huius
1209 1777 1258 1842 rei

288 1890 466 1976 exemplum
490 1889 640 1952 habemus
660 1886 880 1974 Aristophanis
901 1887 1002 1965 Aves,
1025 1884 1060 1948 in
1075 1907 1138 1972 qua
1151 1886 1258 1952 fabula

287 2012 354 2062 tam
370 1998 447 2061 scite
464 2013 496 2060 et
511 1996 572 2086 legi
588 1997 693 2086 paruit
707 2011 740 2060 et
757 2018 837 2083 quae
855 2011 967 2060 notare
982 1994 1081 2058 voluit
1095 1993 1253 2079 traduxit,

183 2140 185 2143 ·
249 2178 251 2182 Α
288 2124 326 2173 ut
345 2107 443 2196 paulo
458 2101 560 2171 minus
575 2107 673 2171 acutis
688 2128 790 2171 meras
805 2104 932 2169 facetias
947 2102 1077 2168 fundere
1093 2101 1256 2188 videatur,

287 2239 391 2305 neque
417 2231 523 2282 tamen
548 2216 675 2282 latuerit
697 2216 821 2280 Atticos
836 2206 1063 2302 spectatores,
1096 2211 1172 2301 quid
1194 2215 1256 2303 sibi

285 2326 345 2391 ista
368 2326 666 2416 Nepheloooccygia
687 2325 822 2391 voluerit
841 2346 975 2411 avesque
990 2323 1066 2388 deos
1082 2323 1167 2389 fame
1183 2311 1279 2389 cru-⁰

288 2437 424 2519 ciantes,
446 2452 575 2502 auctore
598 2437 655 2500 illo
679 2434 851 2523 Euelpide,
876 2436 930 2522 qui
946 2433 1147 2498 Salaminiam
1164 2437 1256 2500 trire-

285 2567 371 2610 mem
395 2545 528 2633 ppssime
552 2534 663 2609 oderat
685 2566 730 2610 vs.
753 2541 922 2630 nili-sqq„
954 2540 1077 2607 Eodem
1095 2564 1180 2606 auno
1196 2544 1257 2610 Le·

286 2657 375 2720 nasis
392 2654 621 2742 Amphiaraum
636 2652 746 2718 docuit
762 2651 875 2717 eodem
890 2649 1048 2717 scribendi
1064 2671 1200 2741 genere,
1221 2655 1260 2719 in·

288 2786 350 2853 qua
376 2762 572 2852 decrepitum
596 2778 629 2828 et
647 2764 763 2826 morbo
784 2763 982 2828 laborantem
1001 2785 1108 2827 senem
1122 2762 1255 2830 ridicula

288 2874 508 2962 superstitione
531 2875 674 2962 ineptum
696 2874 852 2955 exhibuit,
876 2894 970 2959 quem
991 2873 1133 2961 speciosa
1149 2876 1254 2940 conie-

288 2998 378 3049 ctura
393 2975 580 3048 Suerernius
595 2985 628 3048 in
642 2985 804 3074 ingeniosa
820 2984 1001 3049 Commeat.
1015 2981 1055 3049 de
1067 2985 1187 3050 Avibus
1196 2985 1254 3049 Ni·

290 3095 372 3159 ciam
394 3088 488 3159 luisse
510 3097 700 3183 suspicatur,
725 3117 805 3182 quae
829 3094 966 3183 suspicio
990 3083 1076 3158 tanta
1095 3093 1174 3158 nitet
1187 3095 1256 3160 veri

290 3204 414 3294 specie,
433 3220 469 3268 ut
489 3206 585 3271 mirer
600 3205 766 3296 Bergidum
781 3205 815 3270 in
830 3205 891 3270 alia
906 3205 1011 3270 omnia
1026 3204 1151 3288 abiisse,
1166 3203 1256 3270 fabu-

288 3311 415 3403 lamque
440 3315 572 3380 nimium
598 3310 767 3404 Equitibns
789 3315 924 3380 similem
946 3315 1006 3380 sibi
1028 3315 1133 3380 animo
1155 3315 1254 3383 infor·

289 3421 445 3490 masse'in
466 3427 566 3491 Arist.
590 3427 719 3513 Fragm.
743 3446 815 3513 pag.
838 3423 915 3510 952.

313 3578 316 3585 ι
333 3530 538 3625 Moneta-opus
553 3534 743 3624 Phryniohi,
761 3556 856 3622 quam
870 3532 985 3600 eodem
999 3533 1083 3598 anno
1099 3551 1204 3602 actam
1218 3556 1256 3603 ex

292 3639 485 3710 Didascnlr’s*
503 3648 617 3713 Avium
627 3659 777 3727 ‚e·onstat,
802 3644 913 3710 eadem
926 3645 1022 3710 babet
1034 3643 1152 3712 indicia
1167 3669 1256 3712 com·

262 3751 264 3757 ’
290 3748 416 3842 pressae
428 3747 592 3822 “licentiae
624 3778 703 3843 quae
735 3755 802 3844 quis
831 3755 985 3821 sentiebat
1020 3753 1268 3846 proloquendi,s

289 3878 326 3926 ut
352 3858 420 3952 ipse
445 3865 605 3952 qaaeritur,
632 3864 905 3953 ‘quemadmodum
928 3866 1254 3956 supraostendimus.

290 3973 400 4063 Itaque
424 3997 519 4064 quum
539 3975 797 4066 palam-irridere
811 4001 877 4045 non
892 3978 1021 4062 liceret,
1043 3975 1256 4047 finxitsenent
