2618 4934
766 322 821 465 ἐῢ,

299 575 408 644 scribit
429 572 473 639 de
495 586 599 637 morte
617 569 767 634 Cratini:
797 568 923 654 τελευτᾷ
952 570 987 637 di
1014 577 1271 662 Auntdumorlnn

299 686 561 776 simulincisi
590 685 730 768 nodatos,
764 679 805 755 iit
838 697 930 769 φησιν
962 682 1181 776 Ἀριςοφάνης.
1213 696 1270 782 qui

297 800 409 863 misere
422 797 456 860 in
471 810 650 884 temporum
665 791 838 856 rationibus
852 792 969 860 turbat.
1002 795 1086 863 Nam
1102 801 1265 890 Cratinus,

298 929 395 997 quum
409 922 519 975 aetate
539 903 700 970 confectus
724 900 946 990 lepidissimam
968 905 1107 975 fabulam
1121 916 1265 1000 Πυτίνην

297 1018 453 1084 docuisset
479 1017 607 1105 Olymp.
633 1012 805 1077 LXXXIX.
836 1036 864 1078 1.
896 1036 979 1080 anno
1008 1022 1150 1107 sequenti
1178 1021 1267 1090 diem

297 1132 387 1196 obiit.
423 1128 568 1218 Spartani
582 1141 686 1189 antem
703 1146 798 1211 quum
814 1125 908 1188 tertio
925 1143 998 1193 ante
1013 1152 1095 1194 auno
1118 1131 1265 1225 (Olympa

295 1239 496 1305 LXXXVIII.
517 1235 563 1323 3.)
577 1236 610 1299 in
626 1234 764 1298 Atticam
779 1233 962 1300 invasissent
979 1235 1133 1327 (Thucyd.
1145 1241 1203 1308 lV.
1215 1244 1266 1334 2.)

295 1376 362 1418 non
381 1348 542 1433 redierunt
563 1346 622 1409 nisi
642 1366 724 1409 anno
747 1359 820 1432 post
845 1361 1008 1412 mortuum
1029 1350 1266 1419 Cratinum-se·

294 1463 396 1552 ptimo
412 1460 552 1548 (Olymp.
569 1457 654 1523 XCI.
672 1455 704 1521 3.
718 1453 863 1542 Thucyd.
881 1454 951 1523 Vll.
974 1458 1057 1546 19.):
1076 1484 1173 1549 qnare
1187 1464 1266 1558 hae·

294 1596 366 1639 rens
390 1569 563 1637 Meinekius
583 1570 617 1632 in
642 1568 685 1632 H.
706 1565 739 1631 C.
758 1565 792 1631 C.
815 1588 888 1655 pag.
906 1565 961 1645 45,
984 1590 1023 1632 eo
1040 1571 1201 1661 confugit,
1226 1570 1268 1641 ut

293 1683 465 1749 coniiceret
489 1677 732 1766 Aristophanem
754 1675 1011 1764 quemadmodum
1028 1704 1157 1747 causam
1180 1707 1264 1749 mor*

293 1802 334 1858 tis
351 1793 472 1859 Cratini
482 1790 682 1880 facetissimo
697 1787 767 1851 lusu
782 1800 972 1851 commentus
987 1804 1082 1874 esset,
1105 1799 1151 1856 ita
1167 1801 1263 1861 etim

291 1903 379 1967 illum
403 1901 720 1966 Lacednienwniornm
749 1903 783 1958 in
810 1899 950 1962 Attica'm
977 1906 1170 1967 invasionem
1191 1906 1262 1991 fin·

291 2020 391 2089 aisse.
437 2012 598 2096 Apparet,
622 2008 657 2070 in
681 2028 756 2094 quas
781 2010 935 2096 angustiat
957 2008 1007 2072 vir
1025 2005 1137 2074 doctus
1159 2013 1262 2081 fuerit

292 2119 486 2210 compulsus,
511 2118 564 2206 qui
581 2118 643 2223 ista
662 2117 803 2206 potuerit
818 2118 1005 2209 excom'tare.
1052 2120 1193 2210 Arripuit
1208 2139 1262 2189 ta·
1289 2106 1299 2125 ’

292 2255 367 2298 men
389 2232 472 2294 hanc
500 2228 758 2316 qualemcumque
785 2229 1098 2317 interpretationem,
1122 2247 1157 2294 ut
1170 2233 1205 2296 in
1221 2253 1261 2300 re

292 2341 502 2422 conclamata,
531 2337 719 2404 Fritzsehins
736 2339 770 2403 in
787 2340 929 2427 Qunam.
944 2343 1045 2407 Arist,
1061 2365 1095 2430 p,
1111 2341 1186 2410 258,
1205 2367 1256 2434 sq,

291 2454 353 2542 qui.
367 2475 409 2516 ec
433 2457 558 2538 ingenio
585 2451 720 2515 ludentis
748 2451 866 2516 Comici
883 2450 975 2515 istam
990 2451 1258 2522 Lacedaemonio·

288 2586 360 2630 rum
385 2561 596 2627 incursionem
623 2560 811 2627 metiendam
838 2564 975 2627 censuit:
1008 2586 1123 2652 nempe
1148 2564 1281 2633 fictam.

289 2695 379 2754 esse,
395 2686 438 2745 ,ut
460 2673 595 2758 mirifica
623 2671 746 2734 Cratini
764 2666 930 2757 (decrepiti
945 2672 1038 2760 senis)
1055 2682 1183 2761 ι’ςηανία
1198 2699 1257 2743 no·

287 2797 422 2863 taretur,
447 2797 479 2847 et
497 2800 559 2845 nna
582 2796 680 2862 opera
693 2776 867 2840 vinolentia
881 2778 1034 2865 hominis,
1059 2783 1145 2872 qnod
1157 2796 1256 2854 emori

288 2892 462 2975 maluisset,
475 2909 569 2982 quam
584 2883 696 2948 cadum
711 2890 776 2949 vini
788 2887 983 2974 confractum
999 2895 1097 2958 oculis
1114 2919 1255 2967 cernere.
1276 2966 1279 2971 ,

286 3003 389 3069 Nemo
413 3024 478 3067 non
493 2993 605 3079 sentit,
629 3018 724 3084 mum
739 2995 818 3062 nihil
832 2996 1009 3064 huiusmodi
1026 3004 1252 3093 explicationes
1284 2986 1289 2995 ’

287 3109 490 3201 Aristophani
515 3109 648 3197 prosint.
692 3106 837 3197 Namque
854 3107 944 3197 lepos
962 3110 1076 3175 inistis
1092 3135 1253 3183 commen·

286 3226 326 3290 tis
341 3226 423 3298 inest
436 3217 557 3284 nullust
576 3234 687 3283 contra
701 3217 776 3305 qnid
793 3220 889 3285 animi
900 3221 1142 3286 Atheniensibus
1157 3224 1251 3295 fnisse

288 3353 467 3402 censeamus
491 3331 524 3394 in
546 3328 661 3395 odiosa
679 3329 738 3393 ista
765 3329 925 3394 Laconum
948 3339 1249 3404 commemoratione

285 3441 542 3524 recordantibus,
565 3455 682 3528 quanto
696 3463 753 3503 suo
770 3437 926 3507 dedecore
940 3455 971 3506 et
987 3439 1108 3506 damnis
1123 3443 1247 3535 Sparta·

286 3578 401 3621 norum
411 3553 525 3619 milites
536 3574 645 3642 agrum
651 3548 792 3614 Atticum
804 3550 932 3641 impune
942 3568 1044 3616 essent
1053 3551 1247 3645 depopulati:

287 3663 402 3730 deinde
429 3661 504 3751 quid
528 3663 576 3727 rei
602 3662 642 3725 sit
666 3660 826 3725 Laconum
850 3662 1019 3727 incursioni
1048 3686 1120 3729 cnm
1147 3681 1248 3730 morte

288 3772 408 3837 Cratini
427 3787 459 3835 et
477 3771 624 3835 dillracto
644 3770 708 3834 vini
733 3768 837 3854 dolio,
862 3795 957 3838 nemo
983 3772 1107 3840 dixerit.
1152 3777 1247 3863 Atqui

285 3898 451 3967 utramque
482 3902 549 3944 rem
566 3879 755 3946 arctissime
781 3892 848 3946 esse
877 3882 1130 3974 coniungendam
1160 3886 1247 3951 locus

286 3990 503 4080 Aristophanis
518 3989 645 4055 clamat.
672 3988 800 4074 'Sensim
815 3993 945 4081 opinor,
961 3994 1034 4059 istas
1048 3992 1247 4063 difficultates
