2618 4934
156 1052 159 1059 .
282 937 468 1041 citur
496 933 823 1040 secuntum.

106 1195 377 1278 Rafcllantar,qai
392 1196 428 1252 in
442 1194 567 1254 Platona
583 1194 706 1255 labentis
719 1195 893 1277 graecitatis
909 1197 1035 1277 ccniqia

63 1311 94 1360 ot
110 1303 201 1381 sarta
226 1319 263 1359 aa
282 1298 354 1358 aliis
365 1297 464 1376 poitis
482 1306 628 1356 notarunt.
670 1296 823 1359 Clementis
838 1298 1036 1359 Alexandrini

67 1401 148 1464 locas
170 1401 210 1464 do
233 1399 322 1460 furtis
339 1399 520 1460 Graecorum
537 1399 709 1480 capioratnr.
743 1401 943 1480 Inimicitiae,
963 1423 1037 1484 qaas

190 1503 278 1564 Plato
297 1513 326 1563 et
344 1502 556 1584 Aristophanes
575 1504 654 1562 inter
670 1524 700 1562 aa
719 1515 914 1566 coercuerant.

479 1751 640 1780 -QOO-

135 1942 275 2043 comm
295 1969 468 2036 certissima
480 1983 623 2034 veterum
637 1967 842 2051 auctoritate,
866 1967 1032 2038 Platonem

65 2082 157 2148 fuisse
189 2082 273 2148 inter
307 2081 467 2170 principes
500 2077 694 2144 Comoediae
724 2079 870 2167 antiquae
906 2087 1030 2170 poetas.

64 2191 296 2257 Grammaticus
322 2186 545 2252 eruditissimus
571 2187 604 2250 in
626 2186 812 2254 Montefalc.
830 2187 915 2254 Bibl.
936 2189 1031 2257 Coisl.

63 2301 119 2366 111.
144 2323 218 2389 pag.
243 2297 317 2386 597.
339 2319 433 2385 quem
453 2294 657 2358 Ruhnkcnius
671 2295 705 2357 in
721 2297 806 2361 Hist.
827 2298 902 2363 Crit.
924 2302 966 2366 0.
988 2302 1029 2369 G.

62 2433 135 2501 pag.
160 2431 245 2474 xcvt.
267 2407 409 2497 speciose
423 2402 553 2469 comicit
569 2424 602 2464 se
618 2405 830 2488 composuisse
843 2404 884 2483 ad
898 2402 1045 2472 auctori·¹

64 2533 162 2585 tatem
177 2516 483 2584 Alexandrinorum:
504 2511 736 2595 Κωμρρδιοποιοὶ
748 2513 876 2598 ἀρχαίας
889 2509 927 2594 ζ’,
940 2515 1036 2581 ’Earl-

62 2655 191 2718 χαρμρς,
212 2635 392 2716 Κρατῖνος,-
405 2621 563 2704 Εὔπολις,
587 2620 805 2708 Ἀριςοφάρης,
829 2628 1033 2712 Φερεκράτης,

61 2741 207 2808 Πλάτων.
228 2754 261 2805 et
285 2739 331 2803 sio
353 2733 443 2801 multi
465 2731 681 2799 Grammatioi.
726 2733 787 2800 Vel
802 2757 821 2799 e
834 2734 1030 2826 fragmentis,

60 2871 142 2937 quae
155 2871 220 2913 non
234 2850 280 2912 ita
295 2845 392 2910 multa
408 2843 449 2910 ad
463 2868 522 2909 nos
532 2861 760 2936 pervenerunt,
776 2847 1029 2937 peringeniosum

60 2959 158 3024 sitisse
182 2971 328 3046 apparet,
364 2954 533 3038 audacem,
566 2956 718 3039 facetum,
753 2981 850 3024 venae
875 2959 976 3026 felicis
997 2978 1029 3027 et

59 3070 186 3135 Atticae
207 3066 379 3156 elegantiae
405 3063 586 3130 inveniendi
610 3063 808 3154 dicendique.
855 3067 963 3135 Nolim
983 3086 1029 3137 ta.

59 3203 134 3245 men
147 3180 211 3244 hoc
227 3175 415 3242 confirmare
432 3175 507 3240 loco
524 3173 638 3240 Suidae
652 3177 686 3239 in
705 3198 785 3242 voce
799 3179 951 3261 macac,
972 3183 1027 3246 ubi

60 3290 247 3356 enumeratis
262 3287 404 3353 Platonis
419 3280 534 3349 labulis
549 3286 628 3351 haec
643 3284 816 3352 adduntur:
841 3293 886 3365 ἕςι
901 3292 934 3357 δὲ
948 3291 1025 3374 λαμ·

57 3403 206 3485 coactor
230 3410 419 3487 χαρακτῆρα,
443 3397 485 3473 ὥς
509 3420 598 3482 φησιν
616 3397 793 3482 Ἀθηναῖος
805 3403 852 3485 ic
870 3408 933 3475 τοῖς
956 3406 1030 3467 Δει.

59 3516 267 3590 avocamenta,
299 3512 347 3576 ὅτι
375 3511 428 3574 καὶ
449 3507 661 3595 Ἀρδροφόνος
682 3511 726 3582 tet
746 3510 846 3595 δρᾶμα
864 3511 1029 3594 Πλάτωνος

59 3623 113 3689 nal
145 3621 376 3695 Συνεξαπατῶν
412 3622 464 3684 καὶ
490 3621 702 3704 Παρηγνριςαὶ
726 3623 778 3684 nal
801 3620 882 3685 ἄλλα
903 3624 1028 3701 clena:

61 3755 133 3797 nam
159 3744 292 3816 utraque
315 3725 542 3819 animadversio
569 3729 677 3816 inepte
702 3744 802 3794 assuta
825 3747 888 3815 est,
912 3733 966 3800 illa
986 3739 1027 3804 ab

66 3841 190 3930 aliquo,
214 3839 266 3927 qui
292 3835 445 3902 iudicium
472 3837 512 3904 de
537 3838 665 3929 Cratino
682 3863 711 3905 r.
731 3849 882 3928 Κρατῖνος
895 3844 1031 3925 hucim-

67 3953 165 4038 perite
184 3947 358 4030 transtulit,
381 3947 459 4012 haec
475 3949 514 4015 ab
531 3971 587 4030 eo,
610 3971 705 4035 quem
718 3954 859 4041 corrupti
875 3955 1030 4023 Athenaei
