2618 4934
624 335 684 399 tta

172 559 271 626 quum
286 535 415 603 doceret
428 532 638 619 Pisandrum,
655 534 818 599 continere
833 530 978 601 dolorem
992 540 1088 607 animi
1101 559 1134 609 et

171 645 321 712 invidiam
335 669 412 710 -non
437 645 563 735 potuit,
577 670 581 678 ·
596 644 783 733 scripsitque
796 643 831 707 in
844 643 1010 733 Parabasi,
1034 651 1133 742 inepti

171 758 308 824 hominis
329 779 411 839 esse,
432 753 519 844 quod
538 753 658 821 faceret
678 752 903 842 Aristophanes

713 879 797 941 αὐτὸς
813 882 954 950 κωμῳδίας

261 970 353 1025 Hostis
370 961 425 1024 εἶτ’
442 969 533 1030 ἄλλοις
548 971 675 1042 παρέχον
692 971 833 1042 Ἀρκάδας
848 973 1022 1038 μιμούμενος.

172 1088 283 1175 Inepta
306 1107 381 1150 sane
400 1083 509 1148 finisset
522 1083 582 1148 ista
598 1084 795 1167 criminatio,
818 1084 846 1149 si
859 1085 978 1151 seriore
992 1102 1136 1179 tempore

174 1213 255 1263 esset
279 1195 414 1283 scriptas
438 1216 512 1260 nam
538 1196 622 1258 anno
636 1194 742 1257 statim
761 1194 937 1282 insequenti
959 1196 1137 1265 ostenderat

170 1305 418 1394 Aristophanes,
455 1324 552 1390 quum
586 1302 659 1389 ipse.
684 1301 861 1368 incredibili
888 1305 999 1395 plausu
1026 1307 1138 1397 egisset

170 1417 326 1506 Equites,
359 1435 426 1478 non
453 1412 514 1477 sibi
543 1411 665 1475 animos
692 1410 747 1476 sed
770 1412 967 1499 uoluntatem
990 1414 1134 1486 defuisse.

170 1527 280 1612 Itaque
296 1545 484 1612 quamquam
500 1542 583 1599 mox,
593 1517 634 1582 ad
649 1519 824 1586 institutum
837 1520 933 1586 rediit
947 1538 979 1588 et
992 1547 1050 1613 per
1065 1527 1136 1593 Cal.

169 1635 327 1705 listratum
340 1649 373 1698 et
387 1628 589 1697 Philonident
604 1629 725 1694 fabulas
739 1653 810 1695 suas
825 1631 971 1696 exhibere
985 1637 1136 1721 perrexit,

169 1760 277 1810 tamen
300 1742 504 1833 victoriarum
525 1737 650 1805 laudem
671 1738 710 1805 ad
727 1755 908 1823 auctorem,
934 1740 1027 1829 quem
1041 1766 1136 1810 nemo

169 1852 351 1943 ignorabat,
373 1849 500 1915 rediisse
520 1849 593 1913 satis
604 1864 735 1933 ¹certum
751 1865 809 1916 est.
856 1851 1004 1917 Ceterum
1017 1853 1051 1916 in
1065 1852 1138 1918 reli·

171 1963 252 2051 quiis
265 1960 389 2025 fabulae
403 1959 481 2023 nihil
494 1972 558 2040 est,
577 1956 664 2045 quod
678 1959 761 2023 banc
776 1959 987 2046 suspicionem
1003 1976 1061 2045 aut,
1070 1985 1139 2029 cor·
1240 2013 1242 2016 .

169 2072 321 2137 roborare
347 2084 401 2133 aut
427 2066 597 2158 infringere
623 2069 733 2157 possit·
781 2062 932 2133 Pisandri'
953 2069 1016 2136 duo
1039 2073 1074 2138 in
1097 2097 1136 2143 ea

168 2179 317 2273 producti
338 2193 410 2243 sunt
433 2177 573 2266 (Fragm.
589 2177 629 2268 Ι.)
655 2178 752 2261 alter,
778 2177 897 2266 dequo
913 2180 1048 2269 agimus,
1069 2205 1135 2249 ma.

169 2303 249 2382 gnae
265 2291 300 2353 in
315 2311 384 2376 rep.
402 2285 614 2367 auctoritatis,
635 2286 685 2349 vir
699 2287 811 2350 mobili
825 2288 953 2372 ingenio
968 2305 1000 2355 et
1015 2307 1135 2384 tempo·

168 2400 252 2465 ribus
279 2398 433 2479 serviens,
458 2395 596 2483 primum
620 2391 869 2480 magnaflorens
890 2396 1001 2481 populi
1015 2404 1131 2487 gratim

171 2507 286 2575 deinde
301 2501 489 2572 evertendae
500 2501 721 2566 Democratiae
735 2515 847 2565 auctor
861 2502 1041 2570 acerrimus:
1059 2507 1136 2575 alter

168 2619 320 2683 obscurus
346 2614 473 2704 quidam
500 2612 598 2677 bomo
628 2627 661 2676 et
688 2611 891 2699 perineptus,
916 2635 1015 2700 quem
1041 2614 1133 2683 Plato

170 2723 441 2815 cum'cognomini
452 2722 637 2810 Demagogo
651 2720 696 2786 sic
712 2721 904 2787 commisisse
918 2722 1040 2791 videtur
1052 2725 1129 2816 (vid.

167 2833 195 2899 F
196 2857 295 2925 ragin.
311 2833 354 2921 Ι.)
369 2847 405 2897 ut
420 2833 504 2897 buno
520 2830 616 2896 risum
631 2829 800 2917 iocumque
814 2827 947 2914 faceret,
969 2832 1054 2900 haud
1068 2835 1130 2933 dis·

167 2943 263 3010 simili
278 2941 393 3024 modo,
418 2957 511 3030 atque
527 2941 561 3004 in
582 2939 700 3005 Cleone
718 2953 751 3004 et
765 2940 953 3028 Agoracn‘to
967 2943 1044 3011 fecit
1058 2947 1131 3033 Ari·

166 3052 346 3146 stophanes.
394 3048 544 3116 Pisander
565 3071 678 3140 magna
699 3049 949 3139 molelcorporis
965 3048 1010 3142 (ι)
1031 3071 1063 3121 et
1081 3059 1130 3124 in.

199 3282 242 3351 (ε)
260 3282 335 3335 noo
356 3279 445 3334 schot.
466 3278 528 3331 mv.
550 3275 583 3328 ar
596 3277 662 3330 rac.
676 3275 736 3329 ser.
751 3274 784 3328 aa
801 3276 937 3359 rimam:
956 3265 1034 3340 οὗτος
1047 3312 1082 3326 -
1098 3273 1131 3352 ἦ.

162 3367 212 3419 καὶ
237 3366 415 3426 πολεμοποιὸς
439 3361 545 3430 κερδῶν
572 3357 782 3423 titurium,
801 3360 833 3425 ἠν
853 3359 1012 3427 δὲδειλὸς,
1028 3368 1132 3437 μέγας,

165 3449 215 3501 καὶ
241 3448 366 3504 ἐκαλεῖτο
392 3445 551 3502 iaculatione.
585 3442 723 3513 Descripsit
736 3443 798 3494 haec
812 3440 903 3506 Stridet
916 3462 942 3498 v·
960 3446 1133 3520 Πεισάνδρου

162 3529 330 3596 δειλότερος.
374 3527 498 3580 Contudit
522 3537 659 3596 utrumque
685 3523 826 3579 Scholiasta.
844 3527 876 3577 ad
894 3518 1008 3598 lysistr.
1036 3535 1096 3589 tut.
1117 3555 1132 3592 ο
1150 3595 1171 3601 ..

162 3614 231 3669 male
254 3611 383 3664 intellecto
401 3611 542 3680 fragmento
557 3610 708 3680 Eupolidis,
728 3619 754 3660 et
768 3610 796 3659 in
810 3625 920 3662 errorem
933 3618 1053 3680 pertraxit
1064 3618 1132 3673 flet.

164 3698 275 3760 nekium
297 3697 325 3747 in
350 3697 466 3758 Quaestt.
486 3695 559 3744 Scau.
580 3694 615 3747 Π.
638 3711 697 3764 pag.
712 3692 755 3744 20.
773 3710 812 3762 sq.
838 3695 883 3745 sed
904 3695 1032 3766 imprimis
1053 3703 1136 3758 tus.

165 3765 266 3834 orbium
290 3779 318 3828 in
336 3780 398 3830 Act.
416 3779 474 3828 Soc.
494 3776 542 3828 Gr.
557 3777 578 3828 1.
594 3779 619 3829 1.
633 3793 693 3846 pag.
708 3776 768 3829 13⁷.
782 3788 808 3851 et
820 3778 851 3830 nd
868 3772 1018 3852 Thesmopit.
1030 3804 1057 3856 p.
1073 3791 1133 3844 311,

166 3882 222 3934 sqq.
245 3864 290 3933 qui
315 3877 436 3932 magnam
457 3861 657 3914 coniecturarum
676 3859 773 3914 molem
788 3858 848 3917 buic
864 3865 944 3919 tutem
958 3877 1132 3940 superstruxit.

166 3945 251 4002 Tacite
266 3954 376 4004 conexu
392 3959 503 4017 errorem
519 3943 663 4001 licinekius
679 3946 719 4000 H.
739 3947 768 4003 t'.
788 3948 816 4001 c.
833 3965 892 4018 pag.
909 3951 969 4005 1⁷9.
