2618 4934
559 334 579 397 7

79 536 232 634 gmtione
247 553 354 604 tamen
368 558 434 603 non
449 537 514 624 ausi
528 549 600 601 sunt
613 533 719 626 legum
733 537 866 604 vinculis
880 546 1048 610 coercere.⁴

79 653 208 741 Nempe
231 663 301 713 tum
324 645 451 712 demum
478 644 617 710 coniicio
639 652 749 734 poetas
769 647 819 713 vel
839 651 938 740 magis
951 675 1050 719 unum

81 769 214 854 poetam
224 779 228 785 ·
238 759 397 824 Cratinum
418 779 458 822 eo
473 755 622 821 audaciae
637 779 704 822 esse
718 781 934 849 progressum,
955 779 990 828 ut
1004 764 1051 829 vi.

82 895 139 940 ros
153 889 308 951 summos,
320 867 352 934 in
365 867 414 931 his
425 866 529 956 ipsum
539 865 714 948 Periclem,
729 890 864 956 persona
878 872 1051 960 aetatisque

84 982 240 1048 omnibus·
257 976 310 1044 ad·
324 977 493 1041 maximam
519 973 756 1042 similitudinem
780 980 1049 1065 accommodatis,

82 1089 275 1182 produceret
299 1088 333 1152 in
360 1108 487 1152 scenam
514 1108 553 1151 ea
578 1083 719 1152 dicentes
748 1104 782 1152 et
809 1106 953 1180 agentes,
985 1094 1055 1181 qui·

83 1202 143 1268 bus
164 1215 217 1265 aut
232 1198 311 1264 risus
330 1197 449 1263 civium
464 1211 518 1260 aut
533 1194 642 1260 odium
658 1212 690 1262 et
704 1195 823 1264 invidia
838 1197 984 1266 adversus
999 1223 1054 1267 eos

86 1312 309 1377 excitarentur.
962 1380 964 1383 ,

130 1420 206 1484 Non
228 1434 276 1485 est
300 1415 403 1483 simile
424 1417 513 1498 veri,
537 1416 570 1480 in
584 1414 660 1504 ipsis
675 1415 860 1483 comoediae
875 1417 1056 1508 primordiis
1079 1484 1081 1488 Α

84 1531 246 1598 licentiam
272 1552 313 1594 eo
337 1550 437 1615 usque
460 1526 554 1591 fuisse
578 1547 792 1616 progressam,
821 1527 877 1593 sed
903 1529 1055 1620 paulatim

75 1637 221 1707 ¹creuisse
254 1655 347 1704 aucta
375 1635 624 1723 confirmataque
653 1636 765 1726 populi
794 1639 958 1726 potentia,
992 1661 1056 1728 quo

84 1764 251 1841 tempore,
269 1765 398 1815 auctore
414 1731 566 1813 Platonio¹
576 1751 645 1834 περὶ
658 1749 745 1830 διαφ.
762 1774 836 1833 sap.
853 1772 927 1840 pag.
940 1771 1054 1815 xxxrrr.

87 1865 129 1930 τὰ
152 1863 431 1947 τῆρ’δημοκρατίαν
443 1863 568 1946 ,ἐκράτει
591 1860 672 1947 παρ’.
689 1859 893 1945 Ἀθηναίοις,
913 1865 978 1928 ’καὶ
999 1867 1057 1946 τὴν
1124 1860 1127 1868 ’

86 1973 230 2050 {Porciae
242 1980 401 2057 σύμπασαν
423 1972 555 2055 δ’δῆμος
573 1965 667 2058 εἶχεν,
688 1972 779 2046 αὐτὸς
798 1973 1056 2058 αὐτοκράτωρκαδ

85 2090 186 2169 κύριος
202 2088 266 2152 τῶν
285 2083 450 2152 πολιτικῶν
463 2089 649 2167 πραγμάτων
661 2079 820 2170 annexae*
835 2081 945 2170 Neque
960 2082 1058 2148 etia'm

85 2194 183 2260 serius
198 2193 303 2282 potuit
316 2192 370 2257 hic
385 2214 454 2256 mos
469 2191 649 2274 invaluisse,
665 2215 738 2256 nam
755 2208 879 2257 constat
893 2192 1058 2260 luculento

85 2304 209 2369 Cratini
231 2301 407 2393 fragmento
433 2302 468 2366 in
492 2305 643 2386 Θρᾴτταις
664 2299 748 2388 apud
773 2301 934 2369 Plutarch.
953 2303 987 2367 in
1001 2303 1057 2368 vit.

86 2412 161 2476 Per.
178 2433 250 2498 cap.
266 2431 342 2474 xm.
369 2408 476 2496 (quam
491 2408 632 2472 fabulam
648 2429 713 2470 non
728 2409 826 2471 serius
842 2432 936 2495 quam
951 2409 1059 2498 Olym·

87 2520 182 2610 piade
196 2517 370 2586 LXXXIV.
393 2519 521 2584 ineunte
545 2513 674 2578 doctam
689 2538 756 2604 esse
771 2538 809 2579 ex
822 2517 885 2581 hoc
900 2519 970 2606 ipso
985 2517 1060 2583 loco
1125 2541 1127 2546 ·

84 2630 265 2697 luculenter
286 2629 468 2694 conficitur.
492 2622 556 2689 rid.
581 2624 720 2690 Meinek.
737 2627 780 2693 H.
802 2626 836 2692 C.
857 2626 892 2694 C.
909 2649 984 2716 pag.
1001 2627 1058 2706 46.

88 2739 150 2805 Th.
166 2740 280 2830 Bergk.
303 2738 421 2803 comm.
438 2735 478 2799 de
496 2736 529 2802 C.
544 2737 588 2801 A.
606 2758 680 2826 pag.
698 2735 769 2825 90.)
785 2736 888 2826 ipsum
905 2737 1061 2803 Periclem

87 2848 185 2914 luisse
199 2846 389 2937 productum
402 2845 436 2910 in
449 2866 592 2911 scenam:
607 2844 819 2935 prodeuntem
832 2864 937 2914 autem
950 2849 1060 2915 nescio
1084 2880 1086 2883 ·

39 3040 44 3051 Α
79 2960 162 3048 ¹quis
185 2959 381 3046 conspicatus
403 2955 449 3020 sic
470 2955 628 3043 loquitur:
996 2972 999 2977 ’

247 3145 281 3197 ‘0
297 3145 491 3214 σχινοκέφαλος
507 3145 581 3204 Ζεὺς
597 3144 646 3198 ddi
662 3147 847 3219 προσέρχεται
895 3112 898 3128 ³

246 3237 281 3289 ‘O
297 3237 469 3308 Περικλέης,
488 3236 606 3306 τῴδεῖον
623 3238 670 3290 ἰπὶ
688 3240 737 3289 τοῦ
755 3241 868 3309 κρανίου
944 3271 946 3274 -

244 3329 357 3397 'Elem
376 3328 477 3394 ἐπειδὴ
494 3327 644 3398 τοῦςρακον
661 3331 839 3400 παροίχεται.

90 3523 157 3591 quo
177 3499 256 3566 nihil
282 3513 389 3589 potest
409 3498 597 3586 petulantius
620 3501 654 3564 in
678 3501 780 3565 virum
801 3501 960 3589 egregium
975 3498 1057 3570 dici:

90 3609 188 3678 simul
211 3610 392 3697 increpatur
416 3609 526 3698 populi
550 3609 679 3691 inertia,
710 3610 763 3696 qui
783 3610 889 3674 siverit
911 3625 1059 3679 testarum
1099 3649 1100 3652 ¹

90 3717 246 3787 iudicium
261 3717 436 3783 obsoletum
450 3742 517 3784 esse
531 3719 649 3782 factum
665 3742 702 3783 ac
716 3741 816 3807 prope
833 3720 866 3784 iu
882 3720 1058 3788 desuetudi-

95 3854 171 3897 nem
186 3829 298 3894 abiisse
322 3826 560 3915 (παροίχεσθαι);
585 3827 669 3893 unde
683 3828 800 3918 factum
815 3831 871 3915 sit,
896 3847 931 3896 ut
946 3832 1061 3898 Pericli

95 3940 193 4007 animi
208 3938 374 4005 creverint.
420 3938 586 4005 Praeterea
605 3941 749 4007 abnormi
765 3940 869 4029 capite
884 3938 1060 4008 delormem
