2618 4934
735 362 777 437 78

278 577 403 645 mutatis
419 569 762 663 (isallaiac)eandem
771 570 908 637 fabulam
924 593 985 660 pro
997 595 1054 639 suu
1067 582 1174 665 potuit
1185 580 1241 648 da-

278 711 366 768 core,
385 683 471 774 (nam
490 686 524 750 in
542 685 626 750 hanc
645 682 830 748 sententiam
844 681 943 747 homo
962 681 1096 752 Iudaeus
1109 692 1244 759 verbum

275 797 429 881 κωμῳδεῖν
436 793 547 860 inscite
558 788 713 878 detorsit).
731 791 855 855 Bonum
864 789 996 874 factum,
1009 794 1097 882 quod
1108 799 1242 868 meliora

274 904 399 973 aliunde
414 916 673 993 comportarunt.
692 899 816 990 Nempe
829 900 897 989 ipse
911 902 1240 994 Aristophanesdoca·

248 1048 253 1057 ·
276 1016 340 1081 lum
354 1013 478 1102 scripsit
496 1033 608 1093 senex,
630 1029 761 1096 eamque
786 1007 853 1072 filio
874 1010 1002 1076 Arasmi
1020 1013 1110 1082 dedit
1125 1017 1243 1088 docen-

276 1123 366 1208 dam,
382 1138 511 1189 auctore
526 1118 741 1185 Grammatico
762 1117 803 1182 de
824 1125 877 1184 vit.
903 1122 1005 1190 Arist.
1022 1147 1056 1213 p.
1080 1126 1247 1200 XXXVII,

275 1236 483 1310 ἐκλελοιπυίας
507 1239 560 1315 τῆς
573 1230 646 1316 ὕλης
659 1235 722 1299 τῶν
737 1230 904 1314 κωμῳδιῶν
916 1268 963 1287 -
976 1233 1007 1322 (ό
1019 1235 1243 1332 Ἀριςοφάοης)

274 1350 390 1434 ἔγραψε
406 1343 568 1413 Κώκαλον·
589 1376 636 1393 -
662 1345 696 1410 ἐι
718 1349 815 1427 τούτῳ
832 1343 868 1410 δὲ
887 1351 931 1429 τῷ
952 1346 1082 1432 δράματι
1098 1353 1242 1440 caricare

274 1463 318 1545 τῷ
339 1457 452 1540 πλήθει
464 1459 519 1524 τὸν
536 1458 603 1522 οἷὸν
620 1453 789 1540 Ἀραρότο.
813 1452 863 1518 Cf.
880 1453 968 1519 Pius
980 1457 1059 1548 Arg.
1077 1461 1120 1528 Π.
1149 1465 1188 1529 In
1202 1489 1242 1532 eu

273 1567 379 1633 fabula
394 1565 576 1632 exhibuerat
590 1569 711 1651 φθορὰν
728 1567 781 1631 acl
794 1565 1022 1650 ἀναγοωριομόο
1045 1585 1078 1634 et
1098 1573 1238 1663 reliqua,

205 1716 208 1723 -
275 1700 355 1767 quae
378 1699 480 1743 norae
504 1674 699 1741 Comoedias
719 1673 885 1764 Principes
898 1675 1072 1744 Menander
1088 1697 1121 1746 et
1135 1682 1242 1753 Phile·

274 1811 351 1853 mon
366 1804 438 1853 sunt
452 1787 612 1853 aemulati:
628 1783 695 1852 rid.
712 1783 790 1851 ibid.
808 1802 841 1850 et
855 1809 929 1877 pag.
944 1788 1077 1858 XXXV.
1094 1802 1148 1878 τῆς
1169 1799 1242 1876 νέας

274 1901 433 1984 κωμῳδίας
457 1903 512 1965 τὸν
532 1902 645 1982 τρόπον
668 1895 820 1972 ἐπέδειξεν
842 1900 877 1965 ἐι
904 1906 947 1985 τῷ
967 1906 1123 1989 Κωκάλῳ,
1147 1897 1242 1984 ἐξοῦ

274 2014 332 2093 τὴν
348 2012 445 2097 ἀρχὴν
464 2009 625 2099 λαβόμενοι
646 2008 831 2094 Μένανδρός
853 2033 887 2075 τε
910 2010 963 2075 nal
984 2010 1128 2096 Φιλήμων
1151 2021 1242 2106 ἔδρα.

273 2130 493 2208 μοιτοοργηοοιι.
508 2144 511 2149 ·
538 2118 688 2184 Conferat
701 2117 780 2182 mibi
794 2119 905 2207 aliquis
915 2142 986 2187 eum
1001 2123 1236 2213 amplicitatem

276 2256 351 2300 cum
361 2232 535 2303 Aristobuli
550 2231 725 2298 calumniis:
743 2245 776 2296 et
787 2231 833 2295 sic
848 2229 977 2298 tandem
991 2232 1149 2301 videamus
1161 2238 1241 2325 quid

277 2343 318 2410 de
326 2343 428 2410 verbis
434 2343 511 2425 istis,
517 2365 654 2431 quorum
663 2362 756 2407 causa
762 2342 845 2406 banc
856 2339 1099 2430 disputationem
1106 2347 1239 2437 ingressi

273 2478 395 2538 sumus,
412 2454 453 2520 sit
460 2452 671 2522 statuendum.
692 2452 1240 2545 ΠλιλτωιόΚιομιιιόοιιοιΓΛριςοφά-

274 2594 327 2653 aaa
340 2572 374 2635 ἐν
387 2566 584 2651 assistant
597 2565 738 2648 ἀλλήλων
747 2567 962 2654 desudarat,
975 2588 1071 2655 quae,
1081 2569 1116 2634 in
1132 2593 1239 2658 quam

274 2699 399 2765 cunque
422 2691 456 2740 te
480 2691 603 2765 partem
630 2675 771 2760 dederis,
801 2676 869 2742 sine
897 2700 989 2743 sensu
1012 2678 1129 2768 scripta
1150 2697 1240 2749 sunt:

274 2787 333 2852 nisi
358 2785 427 2874 quis
447 2801 614 2871 utrumque
633 2784 722 2850 alteri
743 2785 830 2852 idem
844 2787 1028 2853 suffuratum
1043 2812 1109 2854 esse
1123 2791 1158 2855 in
1173 2793 1241 2858 ani·

275 2918 364 2962 mum
377 2894 519 2960 inducat.
564 2892 638 2958 Non
663 2894 799 2962 offendit
814 2913 920 2962 tamen
940 2898 1123 2989 Bergidum,
1143 2924 1242 2987 quem

274 3007 348 3073 satis
361 3006 468 3072 mirari
478 3027 544 3070 non
553 3028 681 3095 possum
691 3009 738 3074 sic
749 3007 938 3073 scribentem
950 3005 991 3069 ad
998 3013 1100 3073 Arist.
1108 3012 1243 3098 Fragm.

273 3143 308 3209 p.
334 3115 427 3185 1015.
469 3116 556 3181 Illud
578 3119 703 3209 quidam
727 3128 844 3205 carim
872 3112 1005 3199 videtur,
1036 3120 1181 3183 Platonis
1208 3138 1243 3190 et

274 3226 498 3318 Aristophanis
516 3228 676 3295 Daedalus
689 3248 752 3293 nan
767 3222 870 3287 solum
883 3230 918 3287 ιἰι
932 3225 1038 3290 codam
1051 3247 1239 3318 argumenta

271 3501 416 3573 x.sap.2.
433 3500 576 3559 Καικίλιος
596 3494 646 3559 οὲ,
672 3493 711 3552 ὥς
732 3511 768 3542 τι
792 3495 885 3561 μέγα
915 3498 1152 3565 sevocanda,
1179 3500 1241 3552 ὅλοι

269 3586 362 3655 δρᾶμα
385 3585 411 3640 ἐξ
428 3583 512 3652 ἀρχῆς
530 3585 571 3640 εἷς
587 3577 666 3636 τέλος
682 3577 861 3638 Ἀντιφάνους
879 3578 927 3629 τὸν
951 3578 1127 3648 Οἰωνιςὴιι
1151 3603 1241 3646 μετα.

269 3669 372 3737 γράψαι
395 3668 460 3731 φησὶ
482 3667 530 3717 τὸν
550 3663 716 3733 Μένανδρον
740 3664 782 3721 εἰς
802 3663 850 3713 τὸν
868 3665 1153 3728 Δειοιδιιίμοοα.
1171 3670 1240 3738 quod

271 3751 394 3823 persuasit
405 3748 532 3802 lleinskic
548 3748 794 3818 deescad.p.ll.
807 3747 859 3801 Sed
873 3751 933 3821 quis
945 3749 1055 3817 dubitet,
1073 3753 1136 3821 quin
1146 3751 1241 3806 Caeci-

274 3835 327 3887 lius
341 3836 407 3898 iste,
425 3832 497 3884 cuius
510 3832 640 3885 levitatem
655 3832 730 3884 multi
745 3833 940 3902 castigaverunt,
953 3834 1070 3887 codicum
1086 3836 1167 3888 titulis
1180 3838 1241 3890 fue·

274 3918 308 3968 rit
329 3915 472 3984 deceptus?
505 3912 659 3983 Porphyrius
680 3914 735 3982 ipse
759 3916 819 3969 satis
837 3916 950 3985 iudicat,
968 3936 1020 3987 quo
1040 3918 1096 3971 loco
1112 3920 1181 3974 istud
1197 3923 1242 3972 in-

273 4004 379 4053 tentum
393 3995 501 4051 Caecilii
517 3997 552 4048 sit
567 3993 724 4048 bbendum.
745 4016 749 4025 ·
