2618 4934
633 353 798 418 ·122

287 565 532 652 Aristophanem
547 558 715 649 exagitasse
728 555 912 637 Platonem,
936 570 969 620 et
984 558 1121 646 graviter
1134 546 1258 647 lapsum

188 725 190 730 .
285 697 352 740 esse
368 663 506 738 arbitror
517 667 726 750 Meinelium,
742 666 843 754 quiin
857 666 899 732 H.
914 664 949 730 C.
967 666 1000 731 C.
1015 688 1085 755 pag.
1099 667 1175 756 287.
1187 691 1256 757 sqq.

279 782 453 850 ⁴ostendere
467 780 568 846 voluit
582 780 616 844 in
626 775 800 842 Plectra
817 790 850 840 et
862 774 1017 869 imprimis
1032 776 1067 871 in
1077 776 1257 846 Ecclesiaz.

289 895 366 974 646.
383 891 609 981 philosophum
617 867 739 952 notari.
768 886 850 950 Nam
864 885 1039 974 suspicatur
1054 888 1257 978 Aristyllum,

286 1005 374 1070 cuius
388 1003 551 1092 spurcities
573 998 636 1062 oris
652 998 844 1085 exagitatur,
866 995 1044 1077 non‘alium
1059 1014 1145 1081 esse,
1162 1014 1258 1087 quant

286 1113 496 1194 Aristoclem,
522 1131 585 1197 quo
608 1107 737 1172 nomine
753 1104 1004 1170 adolescentulus
1021 1107 1113 1173 Plato
1128 1125 1259 1176 vocatus

285 1225 406 1306 fuerat,
431 1242 546 1308 nempe
567 1216 645 1282 illud
664 1239 783 1281 nomen
798 1220 1014 1304 dnoaoptctsoie
1028 1216 1091 1284 dici
1106 1220 1260 1307 Ἀρίςυλ-Ι

288 1335 364 1403 loo:
385 1348 453 1397 tum
468 1329 543 1395 inde
562 1327 744 1395 confirmari
759 1329 1068 1417 haucsuspicionem
1085 1331 1148 1416 ait,
1170 1329 1259 1418 quod

289 1443 434 1507 doctrina
459 1439 643 1528 philosophi
663 1437 704 1503 de
726 1440 950 1504 communione
972 1439 1133 1504 bonorum
1152 1440 1189 1505 iu
1203 1440 1258 1504 illa

284 1552 393 1619 fabula
407 1549 602 1617 traducatur.
649 1546 752 1631 Quid,
769 1549 818 1613 vir
832 1548 1030 1613 sanctissimis
1045 1550 1190 1614 moribus
1198 1571 1261 1615 an·

287 1684 365 1727 num
385 1661 495 1726 aetatis
521 1682 615 1751 agens
640 1659 709 1724 'sere
722 1658 927 1749 ,trigesimum
947 1673 1066 1723 sextum
1088 1658 1179 1723 illudi
1199 1683 1261 1748 po-

284 1772 346 1837 tuit
365 1773 526 1858 tamquam
550 1767 765 1861 spurcissimus
786 1767 920 1851 nebulo,
943 1777 1032 1859 cuius
1049 1775 1159 1853 timeat
1163 1783 1262 1856 pater

287 1881 412 1959 oscula,
433 1876 529 1960 idque
545 1896 585 1938 eo
600 1889 730 1937 vocatus
744 1875 891 1954 nomine,
906 1898 971 1958 quo
987 1900 1053 1941 non
1070 1881 1131 1942 nisi
1144 1881 1260 1945 imber.

286 1989 363 2052 bem
388 1997 533 2071 parentes
556 1995 727 2068 potuerunt
751 1978 934 2066 appellare?
977 1981 1103 2047 Deinde
1129 1989 1163 2051 in
1190 1991 1261 2054 Ari·

286 2092 446 2183 stophanis
456 2088 563 2180 fabula
575 2088 676 2151 multo
689 2088 786 2176 magis
796 2085 1143 2158 riderilltheniensium
1155 2119 1259 2187 remp.
1290 2092 1292 2099 ⁴

287 2226 390 2292 quam¹
407 2197 564 2281 Platonis,
591 2198 632 2263 ne'
657 2193 872 2291 ipse'quidem
895 2198 1183 2289 Morgensternius,
1207 2211 1261 2273 cui

289 2306 443 2400 quidquid
458 2321 506 2400 est
518 2306 610 2395 buius
624 2306 745 2370 inventi
760 2303 908 2406 debetur,
930 2307 1022 2372 iverit
1036 2311 1162 2378 infitias.
1196 2315 1260 2382 Sed

287 2416 482 2510 imprudenti
504 2408 574 2481 siro
592 2414 691 2480 docto
713 2415 772 2478 ista
795 2417 933 2504 suspicio
953 2417 1102 2484 excidisse
1122 2423 1258 2492 ridetur.

290 2535 439 2597 Ceterum
461 2524 501 2603 de
522 2526 786 2616 philosophorum
802 2542 833 2589 et
849 2526 991 2593 Platonis
1014 2529 1160 2596 irrisione
1174 2532 1260 2598 lectu

291 2639 480 2730 dignissima,
494 2635 582 2701 dedit
596 2636 710 2700 Luzac.
726 2637 824 2700 Lectt.
840 2638 910 2702 An.
928 2637 970 2702 Il.
991 2635 1022 2703 5.

334 2749 399 2817 Sed
424 2746 621 2815 redeundum
643 2760 690 2810 est
715 2745 755 2810 ad
777 2748 982 2814 Comicorum
1001 2750 1182 2836 licentiam,
1207 2756 1259 2843 qui

291 2884 358 2929 non
381 2859 484 2926 solum
507 2856 715 2947 philosophos
736 2872 769 2921 et
792 2857 906 2922 nullius
928 2859 962 2923 in
977 2883 1047 2950 rep.
1065 2865 1262 2930 auctoritatis

290 2972 453 3053 homines,
477 2965 533 3034 sed
555 2982 714 3049 oratores,
738 2967 792 3055 qui
813 2970 921 3033 omnia
943 2970 1028 3060 apud
1042 2975 1195 3062 populum
1210 2998 1260 3040 va.

292 3085 416 3165 lebant,
427 3077 628 3144 mordacibus
642 3079 721 3144 iocis
733 3078 898 3163 lacessere,
911 3103 1148 3171 nonnumquam
1164 3087 1259 3151 etiam

295 3193 413 3260 odiosis
419 3189 699 3273 criminationibus,
708 3206 836 3278 recepta
846 3193 976 3280 pristina
989 3192 1129 3277 audacia,
1140 3195 1264 3263 laedere

294 3291 480 3394 coeperunt.
526 3301 629 3365 Nemo
644 3299 738 3365 facile
753 3317 800 3365 est
816 3318 978 3367 oratorum
993 3290 1193 3389 Atticorum,
1212 3307 1261 3372 cui

296 3415 479 3482 cavillantes
505 3417 619 3500 poetae
647 3412 858 3500 pepercerint.
912 3413 1013 3502 Saepe
1029 3430 1061 3479 et
1080 3415 1212 3503 reliqui,
1229 3432 1260 3482 et
1305 3446 1307 3453 ¹

240 3519 242 3521 ¹
295 3527 542 3603 Demosthenes,
566 3519 764 3611 Hyperides,
783 3520 990 3610 Polyeuctus,
1018 3524 1189 3613 plaudente
1203 3551 1260 3616 po·

296 3629 393 3725 pulo,
414 3635 493 3699 salse
508 3656 527 3697 a
542 3633 687 3698 Cornicis·
702 3632 947 3721 exagitabantur.
972 3635 1022 3701 Cf.
1042 3636 1138 3703 Glint.
1156 3637 1261 3708 Praei.

295 3745 336 3812 ad
351 3748 438 3811 Fast.
455 3744 539 3810 Hell.
557 3766 629 3834 pag.
643 3764 694 3808 nv.
718 3742 819 3807 Instar
834 3745 975 3808 omnium
991 3760 1038 3810 est
1052 3746 1143 3812 locus
1157 3747 1264 3812 Timo·

295 3857 351 3937 clis
361 3903 370 3939 ,
388 3856 445 3943 qui-
457 3859 490 3923 ἐν
510 3854 602 3938 Δήλῳ
620 3856 814 3939 διηγούμενος
833 3860 902 3932 τούς
925 3857 998 3943 παρ’
1019 3858 1183 3945 Ἁρπάλου
1203 3861 1266 3932 to·

171 4000 174 4008 ·
295 3970 515 4055 ροδοκήσαντας
528 3971 645 4048 γράφει
661 3968 771 4042 οὕτως’,
790 3965 921 4053 (Athen.
946 3966 1032 4035 Vlll.
1056 3990 1090 4056 p.
1109 3969 1185 4049 341.
1202 3970 1265 4058 R).
