<?xml version="1.0" encoding="UTF-8"?>
<!DOCTYPE html PUBLIC "-//W3C//DTD XHTML 1.0 Transitional//EN"
    "http://www.w3.org/TR/xhtml1/DTD/xhtml1-transitional.dtd">
<html xmlns="http://www.w3.org/1999/xhtml" xml:lang="en" lang="en">
 <head>
  <title>
</title>
<meta http-equiv="Content-Type" content="text/html;charset=utf-8" />
  <meta name='ocr-system' content='tesseract 3.04.00' />
  <meta name='ocr-capabilities' content='ocr_page ocr_carea ocr_par ocr_line ocrx_word'/>
</head>
<body>
  <div class='ocr_page' id='page_1' title='image "./observationescr01cobegoog/observationescr01cobegoog_0052.png"; bbox 0 0 2618 4934; ppageno 0'>
   <div class='ocr_carea' id='block_1_1' title="bbox 577 357 616 420">
    <p class='ocr_par' dir='ltr' id='par_1_1' title="bbox 577 357 616 420">
     <span class='ocr_line' id='line_1_1' title="bbox 577 357 616 420; baseline 0 0"><span class='ocrx_word' id='word_1_1' title='bbox 577 357 616 420; x_wconf 79' lang='lat' dir='ltr'><strong>tt</strong></span> 
     </span>
    </p>
   </div>
   <div class='ocr_carea' id='block_1_2' title="bbox 111 557 1092 1201">
    <p class='ocr_par' dir='ltr' id='par_1_2' title="bbox 111 557 1092 1201">
     <span class='ocr_line' id='line_1_2' title="bbox 111 557 1083 654; baseline 0.003 -27"><span class='ocrx_word' id='word_1_2' title='bbox 111 564 221 628; x_wconf 85' lang='lat' dir='ltr'><strong>dinem</strong></span> <span class='ocrx_word' id='word_1_3' title='bbox 236 557 525 651; x_wconf 56' lang='lat' dir='ltr'><strong>esse’thuentlam,</strong></span> <span class='ocrx_word' id='word_1_4' title='bbox 548 557 606 624; x_wconf 87' lang='lat' dir='ltr'><strong>sed</strong></span> <span class='ocrx_word' id='word_1_5' title='bbox 620 559 680 625; x_wconf 89' lang='lat' dir='ltr'><strong>sibi</strong></span> <span class='ocrx_word' id='word_1_6' title='bbox 695 558 868 626; x_wconf 86' lang='lat' dir='ltr'><strong>secundum</strong></span> <span class='ocrx_word' id='word_1_7' title='bbox 884 582 980 628; x_wconf 81' lang='lat' dir='ltr'><strong>novos</strong></span> <span class='ocrx_word' id='word_1_8' title='bbox 997 564 1083 654; x_wconf 83' lang='lat' dir='ltr'><strong>leges</strong></span> 
     </span>
     <span class='ocr_line' id='line_1_3' title="bbox 113 668 1083 763; baseline 0.003 -26"><span class='ocrx_word' id='word_1_9' title='bbox 113 675 254 763; x_wconf 89' lang='lat' dir='ltr'><strong>primum</strong></span> <span class='ocrx_word' id='word_1_10' title='bbox 275 694 342 736; x_wconf 88' lang='lat' dir='ltr'><strong>esse</strong></span> <span class='ocrx_word' id='word_1_11' title='bbox 364 668 613 758; x_wconf 86' lang='lat' dir='ltr'><strong>obsequendum.</strong></span> <span class='ocrx_word' id='word_1_12' title='bbox 659 670 763 759; x_wconf 79' lang='lat' dir='ltr'><strong>Atque</strong></span> <span class='ocrx_word' id='word_1_13' title='bbox 783 673 829 737; x_wconf 88' lang='lat' dir='ltr'><strong>sic</strong></span> <span class='ocrx_word' id='word_1_14' title='bbox 844 674 947 738; x_wconf 85' lang='lat' dir='ltr'><strong>verbis</strong></span> <span class='ocrx_word' id='word_1_15' title='bbox 962 675 1083 740; x_wconf 82' lang='lat' dir='ltr'><strong>Cratini</strong></span> 
     </span>
     <span class='ocr_line' id='line_1_4' title="bbox 113 781 1085 871; baseline 0.004 -24"><span class='ocrx_word' id='word_1_16' title='bbox 113 783 170 848; x_wconf 88' lang='lat' dir='ltr'><strong>lux</strong></span> <span class='ocrx_word' id='word_1_17' title='bbox 185 782 325 871; x_wconf 82' lang='lat' dir='ltr'><strong>affulget.</strong></span> <span class='ocrx_word' id='word_1_18' title='bbox 370 781 452 845; x_wconf 90' lang='lat' dir='ltr'><strong>Nam</strong></span> <span class='ocrx_word' id='word_1_19' title='bbox 467 782 608 869; x_wconf 85' lang='lat' dir='ltr'><strong>quamvis</strong></span> <span class='ocrx_word' id='word_1_20' title='bbox 622 782 736 847; x_wconf 85' lang='lat' dir='ltr'>misere</span> <span class='ocrx_word' id='word_1_21' title='bbox 752 783 898 847; x_wconf 90' lang='lat' dir='ltr'><strong>laborent</strong></span> <span class='ocrx_word' id='word_1_22' title='bbox 913 787 1036 850; x_wconf 90' lang='lat' dir='ltr'><strong>numeri</strong></span> <span class='ocrx_word' id='word_1_23' title='bbox 1050 802 1085 852; x_wconf 90' lang='lat' dir='ltr'><strong>et</strong></span> 
     </span>
     <span class='ocr_line' id='line_1_5' title="bbox 115 891 1092 983; baseline 0.003 -24"><span class='ocrx_word' id='word_1_24' title='bbox 115 894 291 960; x_wconf 87' lang='lat' dir='ltr'><strong>sententiae</strong></span> <span class='ocrx_word' id='word_1_25' title='bbox 301 891 536 974; x_wconf 71' lang='lat' dir='ltr'><strong>conformatio,</strong></span> <span class='ocrx_word' id='word_1_26' title='bbox 549 908 671 958; x_wconf 86' lang='lat' dir='ltr'><strong>certum</strong></span> <span class='ocrx_word' id='word_1_27' title='bbox 684 908 732 958; x_wconf 89' lang='lat' dir='ltr'><strong>est</strong></span> <span class='ocrx_word' id='word_1_28' title='bbox 743 894 867 960; x_wconf 78' lang='lat' dir='ltr'>subesse</span> <span class='ocrx_word' id='word_1_29' title='bbox 881 896 1092 983; x_wconf 85' lang='lat' dir='ltr'><strong>proverbium</strong></span> 
     </span>
     <span class='ocr_line' id='line_1_6' title="bbox 116 1001 1085 1091; baseline 0.002 -22"><span class='ocrx_word' id='word_1_30' title='bbox 116 1005 190 1070; x_wconf 76' lang='grc' dir='ltr'><strong>τάδε</strong></span> <span class='ocrx_word' id='word_1_31' title='bbox 209 1003 307 1070; x_wconf 74' lang='grc' dir='ltr'><strong><em>ὀύκέτι</em></strong></span> <span class='ocrx_word' id='word_1_32' title='bbox 323 1004 398 1069; x_wconf 76' lang='grc' dir='ltr'><strong>τάπὶ</strong></span> <span class='ocrx_word' id='word_1_33' title='bbox 419 1003 608 1089; x_wconf 76' lang='grc' dir='ltr'><em>Χαριξένης,</em></span> <span class='ocrx_word' id='word_1_34' title='bbox 633 1005 666 1068; x_wconf 94' lang='lat' dir='ltr'><strong>in</strong></span> <span class='ocrx_word' id='word_1_35' title='bbox 690 1025 754 1091; x_wconf 91' lang='lat' dir='ltr'><strong>quo</strong></span> <span class='ocrx_word' id='word_1_36' title='bbox 777 1001 865 1068; x_wconf 91' lang='lat' dir='ltr'><strong>dicto</strong></span> <span class='ocrx_word' id='word_1_37' title='bbox 888 1005 1014 1069; x_wconf 89' lang='lat' dir='ltr'><strong>aculeus</strong></span> <span class='ocrx_word' id='word_1_38' title='bbox 1028 1029 1085 1072; x_wconf 89' lang='lat' dir='ltr'><strong>ne·</strong></span> 
     </span>
     <span class='ocr_line' id='line_1_7' title="bbox 115 1112 1085 1201; baseline 0.004 -24"><span class='ocrx_word' id='word_1_39' title='bbox 115 1113 233 1178; x_wconf 84' lang='lat' dir='ltr'><strong>minem</strong></span> <span class='ocrx_word' id='word_1_40' title='bbox 254 1127 359 1201; x_wconf 87' lang='lat' dir='ltr'><strong>potest</strong></span> <span class='ocrx_word' id='word_1_41' title='bbox 381 1112 498 1177; x_wconf 91' lang='lat' dir='ltr'><strong>latere:</strong></span> <span class='ocrx_word' id='word_1_42' title='bbox 523 1114 644 1178; x_wconf 90' lang='lat' dir='ltr'><strong>scilicet</strong></span> <span class='ocrx_word' id='word_1_43' title='bbox 658 1129 748 1178; x_wconf 81' lang='lat' dir='ltr'><strong>vetus</strong></span> <span class='ocrx_word' id='word_1_44' title='bbox 763 1135 833 1178; x_wconf 86' lang='lat' dir='ltr'><strong>mos</strong></span> <span class='ocrx_word' id='word_1_45' title='bbox 847 1114 972 1179; x_wconf 89' lang='lat' dir='ltr'><strong>ridendi</strong></span> <span class='ocrx_word' id='word_1_46' title='bbox 989 1115 1085 1181; x_wconf 84' lang='lat' dir='ltr'><strong>caril-</strong></span> 
     </span>
    </p>
   </div>
   <div class='ocr_carea' id='block_1_3' title="bbox 113 1222 1092 1416">
    <p class='ocr_par' dir='ltr' id='par_1_3' title="bbox 113 1222 1092 1416">
     <span class='ocr_line' id='line_1_8' title="bbox 113 1222 1092 1317; baseline 0.003 -29"><span class='ocrx_word' id='word_1_47' title='bbox 113 1222 262 1312; x_wconf 89' lang='lat' dir='ltr'><strong>landique</strong></span> <span class='ocrx_word' id='word_1_48' title='bbox 276 1246 362 1287; x_wconf 88' lang='lat' dir='ltr'><strong>novo</strong></span> <span class='ocrx_word' id='word_1_49' title='bbox 376 1223 520 1288; x_wconf 89' lang='lat' dir='ltr'><strong>instituto</strong></span> <span class='ocrx_word' id='word_1_50' title='bbox 536 1225 662 1288; x_wconf 79' lang='lat' dir='ltr'>cessisse</span> <span class='ocrx_word' id='word_1_51' title='bbox 674 1246 740 1288; x_wconf 92' lang='lat' dir='ltr'><strong>non</strong></span> <span class='ocrx_word' id='word_1_52' title='bbox 753 1225 821 1290; x_wconf 89' lang='lat' dir='ltr'><strong>sine</strong></span> <span class='ocrx_word' id='word_1_53' title='bbox 836 1223 949 1290; x_wconf 90' lang='lat' dir='ltr'><strong>dolore</strong></span> <span class='ocrx_word' id='word_1_54' title='bbox 964 1226 1092 1317; x_wconf 27' lang='lat' dir='ltr'><strong>indica·-</strong></span> 
     </span>
     <span class='ocr_line' id='line_1_9' title="bbox 116 1327 1085 1416; baseline 0.005 -24"><span class='ocrx_word' id='word_1_55' title='bbox 116 1337 189 1412; x_wconf 85' lang='lat' dir='ltr'><strong>tur,</strong></span> <span class='ocrx_word' id='word_1_56' title='bbox 212 1343 245 1394; x_wconf 90' lang='lat' dir='ltr'><strong>et</strong></span> <span class='ocrx_word' id='word_1_57' title='bbox 267 1328 393 1392; x_wconf 91' lang='lat' dir='ltr'><strong>comice</strong></span> <span class='ocrx_word' id='word_1_58' title='bbox 408 1327 569 1416; x_wconf 86' lang='lat' dir='ltr'><strong>popularis</strong></span> <span class='ocrx_word' id='word_1_59' title='bbox 585 1327 662 1394; x_wconf 91' lang='lat' dir='ltr'><strong>dicti</strong></span> <span class='ocrx_word' id='word_1_60' title='bbox 677 1330 830 1395; x_wconf 89' lang='lat' dir='ltr'><strong>sententia</strong></span> <span class='ocrx_word' id='word_1_61' title='bbox 844 1330 879 1394; x_wconf 93' lang='lat' dir='ltr'><strong>in</strong></span> <span class='ocrx_word' id='word_1_62' title='bbox 894 1330 1085 1397; x_wconf 83' lang='lat' dir='ltr'><strong>contrariam</strong></span> 
     </span>
    </p>
   </div>
   <div class='ocr_carea' id='block_1_4' title="bbox 46 1435 1122 4063">
    <p class='ocr_par' dir='ltr' id='par_1_4' title="bbox 46 1435 1122 4063">
     <span class='ocr_line' id='line_1_10' title="bbox 115 1435 1088 1529; baseline 0 -25"><span class='ocrx_word' id='word_1_63' title='bbox 115 1438 377 1529; x_wconf 85' lang='lat' dir='ltr'><strong>significationem</strong></span> <span class='ocrx_word' id='word_1_64' title='bbox 392 1435 610 1525; x_wconf 81' lang='lat' dir='ltr'><strong>detorquetur.</strong></span> <span class='ocrx_word' id='word_1_65' title='bbox 646 1440 757 1528; x_wconf 89' lang='lat' dir='ltr'><strong>ltaque</strong></span> <span class='ocrx_word' id='word_1_66' title='bbox 771 1440 799 1504; x_wconf 90' lang='lat' dir='ltr'><strong>si</strong></span> <span class='ocrx_word' id='word_1_67' title='bbox 812 1441 891 1505; x_wconf 90' lang='lat' dir='ltr'><strong>haec</strong></span> <span class='ocrx_word' id='word_1_68' title='bbox 906 1440 1088 1529; x_wconf 87' lang='lat' dir='ltr'><strong>probabun-</strong></span> 
     </span>
     <span class='ocr_line' id='line_1_11' title="bbox 46 1547 1087 1633; baseline 0 -19"><span class='ocrx_word' id='word_1_69' title='bbox 46 1584 50 1591; x_wconf 92' lang='lat'><strong>·</strong></span> <span class='ocrx_word' id='word_1_70' title='bbox 116 1557 291 1633; x_wconf 78' lang='lat' dir='ltr'><strong>tur,&#39;novo</strong></span> <span class='ocrx_word' id='word_1_71' title='bbox 317 1547 439 1612; x_wconf 88' lang='lat' dir='ltr'><strong>indicio</strong></span> <span class='ocrx_word' id='word_1_72' title='bbox 466 1562 498 1612; x_wconf 91' lang='lat' dir='ltr'><strong>et</strong></span> <span class='ocrx_word' id='word_1_73' title='bbox 521 1549 603 1613; x_wconf 88' lang='lat' dir='ltr'><strong>hanc</strong></span> <span class='ocrx_word' id='word_1_74' title='bbox 627 1547 766 1613; x_wconf 91' lang='lat' dir='ltr'><strong>fabulam</strong></span> <span class='ocrx_word' id='word_1_75' title='bbox 786 1548 827 1613; x_wconf 92' lang='lat' dir='ltr'><strong>ad</strong></span> <span class='ocrx_word' id='word_1_76' title='bbox 845 1549 928 1613; x_wconf 91' lang='lat' dir='ltr'><strong>hanc</strong></span> <span class='ocrx_word' id='word_1_77' title='bbox 950 1551 1087 1616; x_wconf 82' lang='lat' dir='ltr'><strong>aetatem</strong></span> 
     </span>
     <span class='ocr_line' id='line_1_12' title="bbox 116 1657 1088 1749; baseline -0.003 -24"><span class='ocrx_word' id='word_1_78' title='bbox 116 1660 276 1749; x_wconf 90' lang='lat' dir='ltr'><strong>pertinere</strong></span> <span class='ocrx_word' id='word_1_79' title='bbox 292 1657 468 1739; x_wconf 79' lang='lat' dir='ltr'><strong>constabit,</strong></span> <span class='ocrx_word' id='word_1_80' title='bbox 493 1657 722 1746; x_wconf 84' lang='lat' dir='ltr'><strong>apparebitque</strong></span> <span class='ocrx_word' id='word_1_81' title='bbox 741 1657 833 1746; x_wconf 88' lang='lat' dir='ltr'><strong>quale</strong></span> <span class='ocrx_word' id='word_1_82' title='bbox 849 1657 1088 1730; x_wconf 87' lang='lat' dir='ltr'><strong>comoediamm</strong></span> 
     </span>
     <span class='ocr_line' id='line_1_13' title="bbox 118 1766 954 1860; baseline 0 -26"><span class='ocrx_word' id='word_1_83' title='bbox 118 1793 215 1860; x_wconf 85' lang='lat' dir='ltr'><strong>genus</strong></span> <span class='ocrx_word' id='word_1_84' title='bbox 235 1770 300 1832; x_wconf 91' lang='lat' dir='ltr'><strong>hoc</strong></span> <span class='ocrx_word' id='word_1_85' title='bbox 322 1768 459 1833; x_wconf 87' lang='lat' dir='ltr'><strong>triennio</strong></span> <span class='ocrx_word' id='word_1_86' title='bbox 481 1790 540 1856; x_wconf 90' lang='lat' dir='ltr'><strong>per</strong></span> <span class='ocrx_word' id='word_1_87' title='bbox 561 1767 665 1858; x_wconf 84' lang='lat' dir='ltr'><strong>legem</strong></span> <span class='ocrx_word' id='word_1_88' title='bbox 688 1767 811 1833; x_wconf 81' lang='lat' dir='ltr'><strong>licuerit</strong></span> <span class='ocrx_word' id='word_1_89' title='bbox 832 1766 954 1834; x_wconf 86' lang='lat' dir='ltr'><strong>doceri.</strong></span> 
     </span>
     <span class='ocr_line' id='line_1_14' title="bbox 164 1876 1088 1968; baseline 0.002 -26"><span class='ocrx_word' id='word_1_90' title='bbox 164 1880 308 1968; x_wconf 87' lang='lat' dir='ltr'><strong>Denique</strong></span> <span class='ocrx_word' id='word_1_91' title='bbox 334 1902 400 1944; x_wconf 92' lang='lat' dir='ltr'><strong>non</strong></span> <span class='ocrx_word' id='word_1_92' title='bbox 427 1877 650 1968; x_wconf 86' lang='lat' dir='ltr'><strong>negligendum</strong></span> <span class='ocrx_word' id='word_1_93' title='bbox 676 1893 743 1960; x_wconf 89' lang='lat' dir='ltr'><strong>est,</strong></span> <span class='ocrx_word' id='word_1_94' title='bbox 767 1876 855 1966; x_wconf 91' lang='lat' dir='ltr'><strong>quod</strong></span> <span class='ocrx_word' id='word_1_95' title='bbox 878 1902 917 1944; x_wconf 82' lang='lat' dir='ltr'><strong>ex</strong></span> <span class='ocrx_word' id='word_1_96' title='bbox 939 1878 1088 1944; x_wconf 90' lang='lat' dir='ltr'><strong>Platonio</strong></span> 
     </span>
     <span class='ocr_line' id='line_1_15' title="bbox 120 1989 1090 2078; baseline 0.003 -24"><span class='ocrx_word' id='word_1_97' title='bbox 120 1999 258 2072; x_wconf 88' lang='lat' dir='ltr'><strong>constat,</strong></span> <span class='ocrx_word' id='word_1_98' title='bbox 283 1989 579 2066; x_wconf 70' lang='lat' dir='ltr'><strong>Cratini’Otivooric</strong></span> <span class='ocrx_word' id='word_1_99' title='bbox 599 2012 702 2078; x_wconf 91' lang='lat' dir='ltr'><strong>neque</strong></span> <span class='ocrx_word' id='word_1_100' title='bbox 725 1989 816 2055; x_wconf 90' lang='lat' dir='ltr'><strong>chori</strong></span> <span class='ocrx_word' id='word_1_101' title='bbox 833 1990 972 2055; x_wconf 88' lang='lat' dir='ltr'><strong>carmina</strong></span> <span class='ocrx_word' id='word_1_102' title='bbox 988 2012 1090 2078; x_wconf 84' lang='lat' dir='ltr'><strong>neque</strong></span> 
     </span>
     <span class='ocr_line' id='line_1_16' title="bbox 116 2098 1088 2190; baseline 0.001 -25"><span class='ocrx_word' id='word_1_103' title='bbox 116 2100 283 2190; x_wconf 89' lang='lat' dir='ltr'><strong>parabasin</strong></span> <span class='ocrx_word' id='word_1_104' title='bbox 302 2100 465 2166; x_wconf 86' lang='lat' dir='ltr'><strong>hahuisse:</strong></span> <span class='ocrx_word' id='word_1_105' title='bbox 491 2098 576 2188; x_wconf 88' lang='lat' dir='ltr'><strong>quod</strong></span> <span class='ocrx_word' id='word_1_106' title='bbox 599 2124 656 2165; x_wconf 91' lang='lat' dir='ltr'><strong>cur</strong></span> <span class='ocrx_word' id='word_1_107' title='bbox 675 2101 794 2165; x_wconf 87' lang='lat' dir='ltr'><strong>factum</strong></span> <span class='ocrx_word' id='word_1_108' title='bbox 815 2101 872 2182; x_wconf 89' lang='lat' dir='ltr'><strong>sit,</strong></span> <span class='ocrx_word' id='word_1_109' title='bbox 893 2099 1088 2189; x_wconf 85' lang='lat' dir='ltr'><strong>perdifficilis</strong></span> 
     </span>
     <span class='ocr_line' id='line_1_17' title="bbox 116 2208 1085 2299; baseline 0.005 -24"><span class='ocrx_word' id='word_1_110' title='bbox 116 2211 260 2299; x_wconf 87' lang='lat' dir='ltr'><strong>quaestio</strong></span> <span class='ocrx_word' id='word_1_111' title='bbox 277 2225 339 2292; x_wconf 81' lang='lat' dir='ltr'><strong>est,</strong></span> <span class='ocrx_word' id='word_1_112' title='bbox 355 2209 395 2274; x_wconf 90' lang='lat' dir='ltr'><strong>ad</strong></span> <span class='ocrx_word' id='word_1_113' title='bbox 411 2233 505 2296; x_wconf 90' lang='lat' dir='ltr'><strong>quam</strong></span> <span class='ocrx_word' id='word_1_114' title='bbox 520 2208 637 2275; x_wconf 88' lang='lat' dir='ltr'><strong>deinde</strong></span> <span class='ocrx_word' id='word_1_115' title='bbox 654 2210 763 2298; x_wconf 90' lang='lat' dir='ltr'><strong>paucis</strong></span> <span class='ocrx_word' id='word_1_116' title='bbox 778 2212 838 2275; x_wconf 87' lang='lat' dir='ltr'><strong>erit</strong></span> <span class='ocrx_word' id='word_1_117' title='bbox 852 2209 1085 2280; x_wconf 84' lang='lat' dir='ltr'><strong>revertendum.</strong></span> 
     </span>
     <span class='ocr_line' id='line_1_18' title="bbox 162 2308 1090 2410; baseline 0.003 -26"><span class='ocrx_word' id='word_1_118' title='bbox 162 2321 227 2384; x_wconf 88' lang='lat' dir='ltr'><strong>Per</strong></span> <span class='ocrx_word' id='word_1_119' title='bbox 249 2334 312 2384; x_wconf 89' lang='lat' dir='ltr'><strong>tres</strong></span> <span class='ocrx_word' id='word_1_120' title='bbox 322 2383 325 2388; x_wconf 79' lang='grc'><strong>,</strong></span> <span class='ocrx_word' id='word_1_121' title='bbox 335 2318 484 2410; x_wconf 88' lang='lat' dir='ltr'><strong>deinceps</strong></span> <span class='ocrx_word' id='word_1_122' title='bbox 502 2341 602 2383; x_wconf 90' lang='lat' dir='ltr'><strong>annos</strong></span> <span class='ocrx_word' id='word_1_123' title='bbox 618 2319 827 2405; x_wconf 90' lang='lat' dir='ltr'><strong>Optimatium</strong></span> <span class='ocrx_word' id='word_1_124' title='bbox 842 2335 874 2385; x_wconf 92' lang='lat' dir='ltr'><strong>et</strong></span> <span class='ocrx_word' id='word_1_125' title='bbox 888 2321 1020 2403; x_wconf 87' lang='lat' dir='ltr'><strong>Periclis</strong></span> <span class='ocrx_word' id='word_1_126' title='bbox 1034 2308 1090 2387; x_wconf 49' lang='lat' dir='ltr'><strong>au}</strong></span> 
     </span>
     <span class='ocr_line' id='line_1_19' title="bbox 120 2411 1088 2518; baseline 0 -21"><span class='ocrx_word' id='word_1_127' title='bbox 120 2431 250 2496; x_wconf 89' lang='lat' dir='ltr'><strong>ctoritas</strong></span> <span class='ocrx_word' id='word_1_128' title='bbox 266 2411 701 2518; x_wconf 59' lang='lat' dir='ltr'><strong>poetarum&#39;matedicentiam</strong></span> <span class='ocrx_word' id='word_1_129' title='bbox 719 2434 868 2492; x_wconf 78' lang='lat' dir='ltr'><strong>coercere</strong></span> <span class='ocrx_word' id='word_1_130' title='bbox 883 2432 997 2516; x_wconf 90' lang='lat' dir='ltr'><strong>potuit.</strong></span> <span class='ocrx_word' id='word_1_131' title='bbox 1024 2431 1088 2498; x_wconf 86' lang='lat' dir='ltr'><strong>Sed</strong></span> 
     </span>
     <span class='ocr_line' id='line_1_20' title="bbox 117 2531 1091 2626; baseline -0.012 -22"><span class='ocrx_word' id='word_1_132' title='bbox 117 2540 281 2604; x_wconf 87' lang='lat' dir='ltr'><strong>Archonte</strong></span> <span class='ocrx_word' id='word_1_133' title='bbox 293 2538 502 2626; x_wconf 69' lang='lat' dir='ltr'><strong>‚Euthymene</strong></span> <span class='ocrx_word' id='word_1_134' title='bbox 524 2533 653 2622; x_wconf 79' lang='lat' dir='ltr'><strong>Olymp.</strong></span> <span class='ocrx_word' id='word_1_135' title='bbox 671 2531 830 2599; x_wconf 87' lang='lat' dir='ltr'><strong>LXXXV.</strong></span> <span class='ocrx_word' id='word_1_136' title='bbox 847 2538 881 2612; x_wconf 75' lang='grc'><strong>4.</strong></span> <span class='ocrx_word' id='word_1_137' title='bbox 899 2535 975 2600; x_wconf 86' lang='lat' dir='ltr'><strong>vicit</strong></span> <span class='ocrx_word' id='word_1_138' title='bbox 989 2560 1091 2626; x_wconf 80' lang='lat' dir='ltr'><strong>popu.</strong></span> 
     </span>
     <span class='ocr_line' id='line_1_21' title="bbox 50 2646 1090 2732; baseline 0 -17"><span class='ocrx_word' id='word_1_139' title='bbox 50 2688 53 2692; x_wconf 41' lang='lat'><strong>⁴</strong></span> <span class='ocrx_word' id='word_1_140' title='bbox 119 2650 167 2715; x_wconf 87' lang='lat' dir='ltr'><strong>lus</strong></span> <span class='ocrx_word' id='word_1_141' title='bbox 187 2665 219 2716; x_wconf 88' lang='lat' dir='ltr'><strong>et</strong></span> <span class='ocrx_word' id='word_1_142' title='bbox 234 2650 389 2732; x_wconf 62' lang='lat' dir='ltr'><strong>tutatuta</strong></span> <span class='ocrx_word' id='word_1_143' title='bbox 409 2651 444 2711; x_wconf 89' lang='grc' dir='ltr'><strong>τὸ</strong></span> <span class='ocrx_word' id='word_1_144' title='bbox 463 2653 603 2730; x_wconf 79' lang='grc' dir='ltr'><strong><em>ψήφισμα</em></strong></span> <span class='ocrx_word' id='word_1_145' title='bbox 622 2651 674 2710; x_wconf 83' lang='grc' dir='ltr'><strong>τοῦ</strong></span> <span class='ocrx_word' id='word_1_146' title='bbox 692 2650 734 2728; x_wconf 82' lang='grc' dir='ltr'><strong>μὴ</strong></span> <span class='ocrx_word' id='word_1_147' title='bbox 753 2646 926 2730; x_wconf 78' lang='grc' dir='ltr'><em>κωμῳδεῖν,</em></span> <span class='ocrx_word' id='word_1_148' title='bbox 949 2646 1090 2715; x_wconf 85' lang='lat' dir='ltr'><strong>licentia·</strong></span> 
     </span>
     <span class='ocr_line' id='line_1_22' title="bbox 123 2745 1122 2849; baseline 0 -23"><span class='ocrx_word' id='word_1_149' title='bbox 123 2783 182 2849; x_wconf 90' lang='lat' dir='ltr'><strong>que</strong></span> <span class='ocrx_word' id='word_1_150' title='bbox 197 2755 352 2824; x_wconf 87' lang='lat' dir='ltr'><strong>irridendi</strong></span> <span class='ocrx_word' id='word_1_151' title='bbox 368 2772 460 2822; x_wconf 85' lang='lat' dir='ltr'><strong>exuta</strong></span> <span class='ocrx_word' id='word_1_152' title='bbox 475 2753 773 2846; x_wconf 80' lang='lat' dir='ltr'><strong>vinculisaudacior</strong></span> <span class='ocrx_word' id='word_1_153' title='bbox 786 2745 886 2821; x_wconf 86' lang='lat' dir='ltr'><strong>multo</strong></span> <span class='ocrx_word' id='word_1_154' title='bbox 902 2774 934 2823; x_wconf 87' lang='lat' dir='ltr'><strong>et</strong></span> <span class='ocrx_word' id='word_1_155' title='bbox 948 2759 1090 2846; x_wconf 89' lang='lat' dir='ltr'><strong>petulan·</strong></span> <span class='ocrx_word' id='word_1_156' title='bbox 1119 2835 1122 2840; x_wconf 18' lang='lat' dir='ltr'>y</span> 
     </span>
     <span class='ocr_line' id='line_1_23' title="bbox 121 2852 1089 2955; baseline 0.001 -20"><span class='ocrx_word' id='word_1_157' title='bbox 121 2869 185 2950; x_wconf 79' lang='lat' dir='ltr'><strong>tior</strong></span> <span class='ocrx_word' id='word_1_158' title='bbox 211 2869 336 2935; x_wconf 82' lang='lat' dir='ltr'><strong>exarsit.</strong></span> <span class='ocrx_word' id='word_1_159' title='bbox 381 2867 491 2932; x_wconf 86' lang='lat' dir='ltr'><strong>Placet</strong></span> <span class='ocrx_word' id='word_1_160' title='bbox 514 2883 619 2932; x_wconf 87' lang='lat' dir='ltr'><strong>autem</strong></span> <span class='ocrx_word' id='word_1_161' title='bbox 640 2867 693 2932; x_wconf 92' lang='lat' dir='ltr'><strong>hic</strong></span> <span class='ocrx_word' id='word_1_162' title='bbox 715 2867 857 2955; x_wconf 90' lang='lat' dir='ltr'><strong>proferre</strong></span> <span class='ocrx_word' id='word_1_163' title='bbox 874 2852 1089 2936; x_wconf 87' lang='lat' dir='ltr'><strong>coniecturam</strong></span> 
     </span>
     <span class='ocr_line' id='line_1_24' title="bbox 121 2976 1090 3066; baseline 0.002 -22"><span class='ocrx_word' id='word_1_164' title='bbox 121 2979 176 3044; x_wconf 91' lang='lat' dir='ltr'><strong>din</strong></span> <span class='ocrx_word' id='word_1_165' title='bbox 199 2979 393 3066; x_wconf 91' lang='lat' dir='ltr'><strong>multumque</strong></span> <span class='ocrx_word' id='word_1_166' title='bbox 417 2999 621 3065; x_wconf 87' lang='lat' dir='ltr'><strong>perpensam,</strong></span> <span class='ocrx_word' id='word_1_167' title='bbox 653 2999 754 3064; x_wconf 89' lang='lat' dir='ltr'><strong>neque</strong></span> <span class='ocrx_word' id='word_1_168' title='bbox 776 2976 936 3066; x_wconf 89' lang='lat' dir='ltr'><strong>indignam</strong></span> <span class='ocrx_word' id='word_1_169' title='bbox 959 2978 1090 3046; x_wconf 75' lang='lat' dir='ltr'><strong>lottasm</strong></span> 
     </span>
     <span class='ocr_line' id='line_1_25' title="bbox 121 3085 1086 3180; baseline 0.002 -26"><span class='ocrx_word' id='word_1_170' title='bbox 121 3113 201 3180; x_wconf 89' lang='lat' dir='ltr'><strong>quae</strong></span> <span class='ocrx_word' id='word_1_171' title='bbox 217 3087 395 3179; x_wconf 85' lang='lat' dir='ltr'><strong>diligentius</strong></span> <span class='ocrx_word' id='word_1_172' title='bbox 412 3086 604 3153; x_wconf 88' lang='lat' dir='ltr'><strong>enucleetur.</strong></span> <span class='ocrx_word' id='word_1_173' title='bbox 649 3085 683 3150; x_wconf 92' lang='lat' dir='ltr'><strong>Si</strong></span> <span class='ocrx_word' id='word_1_174' title='bbox 697 3086 806 3170; x_wconf 89' lang='lat' dir='ltr'><strong>fallor,</strong></span> <span class='ocrx_word' id='word_1_175' title='bbox 822 3090 956 3155; x_wconf 89' lang='lat' dir='ltr'><strong>multum</strong></span> <span class='ocrx_word' id='word_1_176' title='bbox 972 3093 1086 3156; x_wconf 87' lang='lat' dir='ltr'><strong>amabo</strong></span> 
     </span>
     <span class='ocr_line' id='line_1_26' title="bbox 120 3196 590 3289; baseline -0.015 -23"><span class='ocrx_word' id='word_1_177' title='bbox 120 3203 173 3289; x_wconf 92' lang='lat' dir='ltr'><strong>qui</strong></span> <span class='ocrx_word' id='word_1_178' title='bbox 195 3198 327 3281; x_wconf 85' lang='lat' dir='ltr'><strong>meliora</strong></span> <span class='ocrx_word' id='word_1_179' title='bbox 347 3196 523 3264; x_wconf 89' lang='lat' dir='ltr'><strong>docebunt.</strong></span> <span class='ocrx_word' id='word_1_180' title='bbox 585 3277 590 3283; x_wconf 22' lang='lat'>⁵</span> 
     </span>
     <span class='ocr_line' id='line_1_27' title="bbox 163 3308 1085 3402; baseline 0.002 -28"><span class='ocrx_word' id='word_1_181' title='bbox 163 3309 395 3376; x_wconf 85' lang='lat' dir='ltr'><strong>Grammaticus</strong></span> <span class='ocrx_word' id='word_1_182' title='bbox 416 3308 569 3394; x_wconf 87' lang='lat' dir='ltr'><strong>antiquus</strong></span> <span class='ocrx_word' id='word_1_183' title='bbox 579 3308 613 3373; x_wconf 90' lang='lat' dir='ltr'><strong>in</strong></span> <span class='ocrx_word' id='word_1_184' title='bbox 628 3309 737 3376; x_wconf 89' lang='lat' dir='ltr'><strong>libello</strong></span> <span class='ocrx_word' id='word_1_185' title='bbox 752 3336 820 3397; x_wconf 75' lang='lat' dir='ltr'><strong>neos</strong></span> <span class='ocrx_word' id='word_1_186' title='bbox 839 3313 998 3397; x_wconf 78' lang='grc' dir='ltr'>κωμῳδίας</span> <span class='ocrx_word' id='word_1_187' title='bbox 1013 3335 1085 3402; x_wconf 88' lang='lat' dir='ltr'><strong>pag.</strong></span> 
     </span>
     <span class='ocr_line' id='line_1_28' title="bbox 121 3418 1090 3506; baseline 0.006 -23"><span class='ocrx_word' id='word_1_188' title='bbox 121 3421 256 3485; x_wconf 79' lang='lat' dir='ltr'><strong>xxxvtu&#39;.</strong></span> <span class='ocrx_word' id='word_1_189' title='bbox 273 3419 372 3484; x_wconf 88' lang='lat' dir='ltr'><strong>habet</strong></span> <span class='ocrx_word' id='word_1_190' title='bbox 386 3418 469 3480; x_wconf 84' lang='lat' dir='ltr'><strong>hanc</strong></span> <span class='ocrx_word' id='word_1_191' title='bbox 485 3419 734 3485; x_wconf 89' lang='lat' dir='ltr'><strong>annotationem:</strong></span> <span class='ocrx_word' id='word_1_192' title='bbox 754 3428 904 3505; x_wconf 72' lang='grc' dir='ltr'><strong>Κρατῖνος</strong></span> <span class='ocrx_word' id='word_1_193' title='bbox 913 3422 1090 3506; x_wconf 72' lang='grc' dir='ltr'><strong>Ἀθηναῖος</strong></span> 
     </span>
     <span class='ocr_line' id='line_1_29' title="bbox 123 3525 1090 3615; baseline 0.004 -17"><span class='ocrx_word' id='word_1_194' title='bbox 123 3540 193 3613; x_wconf 73' lang='grc' dir='ltr'><strong>νικᾷ</strong></span> <span class='ocrx_word' id='word_1_195' title='bbox 213 3535 288 3610; x_wconf 79' lang='grc' dir='ltr'><strong>μετὰ</strong></span> <span class='ocrx_word' id='word_1_196' title='bbox 311 3534 369 3611; x_wconf 76' lang='grc' dir='ltr'><strong>τὴν</strong></span> <span class='ocrx_word' id='word_1_197' title='bbox 390 3525 437 3594; x_wconf 79' lang='lat' dir='ltr'><strong>aa&#39;</strong></span> <span class='ocrx_word' id='word_1_198' title='bbox 454 3529 663 3613; x_wconf 62' lang='lat' dir='ltr'><strong>&#39;Ol-opnione.</strong></span> <span class='ocrx_word' id='word_1_199' title='bbox 683 3553 776 3615; x_wconf 89' lang='lat' dir='ltr'><strong>quem</strong></span> <span class='ocrx_word' id='word_1_200' title='bbox 801 3530 907 3596; x_wconf 90' lang='lat' dir='ltr'><strong>locum</strong></span> <span class='ocrx_word' id='word_1_201' title='bbox 933 3532 1090 3602; x_wconf 88' lang='lat' dir='ltr'><strong>medicina</strong></span> 
     </span>
     <span class='ocr_line' id='line_1_30' title="bbox 121 3635 1089 3730; baseline 0.006 -27"><span class='ocrx_word' id='word_1_202' title='bbox 121 3635 264 3725; x_wconf 86' lang='lat' dir='ltr'><strong>indigere</strong></span> <span class='ocrx_word' id='word_1_203' title='bbox 278 3636 420 3703; x_wconf 87' lang='lat' dir='ltr'><strong>nondum</strong></span> <span class='ocrx_word' id='word_1_204' title='bbox 438 3639 587 3725; x_wconf 88' lang='lat' dir='ltr'><strong>persuasit</strong></span> <span class='ocrx_word' id='word_1_205' title='bbox 602 3635 776 3701; x_wconf 83' lang='lat' dir='ltr'><strong>Meinekius</strong></span> <span class='ocrx_word' id='word_1_206' title='bbox 788 3639 822 3701; x_wconf 93' lang='lat' dir='ltr'><strong>in</strong></span> <span class='ocrx_word' id='word_1_207' title='bbox 833 3639 875 3703; x_wconf 93' lang='lat' dir='ltr'><strong>H.</strong></span> <span class='ocrx_word' id='word_1_208' title='bbox 892 3639 925 3705; x_wconf 91' lang='lat' dir='ltr'><strong>C.</strong></span> <span class='ocrx_word' id='word_1_209' title='bbox 941 3641 973 3706; x_wconf 84' lang='lat' dir='ltr'><strong>C.</strong></span> <span class='ocrx_word' id='word_1_210' title='bbox 984 3664 1018 3730; x_wconf 93' lang='lat' dir='ltr'><strong>p.</strong></span> <span class='ocrx_word' id='word_1_211' title='bbox 1032 3643 1089 3723; x_wconf 73' lang='grc'><strong>45.</strong></span> 
     </span>
     <span class='ocr_line' id='line_1_31' title="bbox 119 3745 1090 3836; baseline 0.005 -22"><span class='ocrx_word' id='word_1_212' title='bbox 119 3749 248 3836; x_wconf 80' lang='lat' dir='ltr'><strong>Nempe</strong></span> <span class='ocrx_word' id='word_1_213' title='bbox 263 3746 442 3811; x_wconf 89' lang='lat' dir='ltr'><strong>innotuerat</strong></span> <span class='ocrx_word' id='word_1_214' title='bbox 451 3746 683 3829; x_wconf 88' lang='lat' dir='ltr'><strong>Grammatico,</strong></span> <span class='ocrx_word' id='word_1_215' title='bbox 695 3768 736 3811; x_wconf 88' lang='lat' dir='ltr'><strong>ex</strong></span> <span class='ocrx_word' id='word_1_216' title='bbox 748 3745 942 3814; x_wconf 88' lang='lat' dir='ltr'><strong>eruditorum</strong></span> <span class='ocrx_word' id='word_1_217' title='bbox 955 3753 1090 3819; x_wconf 79' lang='lat' dir='ltr'><strong>Alexan·</strong></span> 
     </span>
     <span class='ocr_line' id='line_1_32' title="bbox 93 3857 1088 3954; baseline 0.008 -32"><span class='ocrx_word' id='word_1_218' title='bbox 93 3858 287 3922; x_wconf 38' lang='lat' dir='ltr'><strong>&#39;drinomm</strong></span> <span class='ocrx_word' id='word_1_219' title='bbox 316 3858 548 3923; x_wconf 88' lang='lat' dir='ltr'><strong>commentariis</strong></span> <span class='ocrx_word' id='word_1_220' title='bbox 577 3857 711 3946; x_wconf 87' lang='lat' dir='ltr'><strong>opinor,</strong></span> <span class='ocrx_word' id='word_1_221' title='bbox 744 3862 881 3925; x_wconf 89' lang='lat' dir='ltr'><strong>narratio</strong></span> <span class='ocrx_word' id='word_1_222' title='bbox 910 3858 950 3926; x_wconf 91' lang='lat' dir='ltr'><strong>de</strong></span> <span class='ocrx_word' id='word_1_223' title='bbox 974 3864 1088 3954; x_wconf 85' lang='lat' dir='ltr'><strong>insigni</strong></span> 
     </span>
     <span class='ocr_line' id='line_1_33' title="bbox 122 3968 1086 4063; baseline 0.008 -29"><span class='ocrx_word' id='word_1_224' title='bbox 122 3968 256 4062; x_wconf 84' lang='lat' dir='ltr'><strong>quadam</strong></span> <span class='ocrx_word' id='word_1_225' title='bbox 286 3968 441 4050; x_wconf 82' lang='lat' dir='ltr'><strong>victoria,</strong></span> <span class='ocrx_word' id='word_1_226' title='bbox 472 3991 575 4063; x_wconf 88' lang='lat' dir='ltr'><strong>quam</strong></span> <span class='ocrx_word' id='word_1_227' title='bbox 592 3970 737 4037; x_wconf 84' lang='lat' dir='ltr'><strong>Cratinus</strong></span> <span class='ocrx_word' id='word_1_228' title='bbox 765 3987 838 4061; x_wconf 91' lang='lat' dir='ltr'><strong>post</strong></span> <span class='ocrx_word' id='word_1_229' title='bbox 865 3973 1086 4063; x_wconf 85' lang='lat' dir='ltr'><strong>Olympiadem</strong></span> 
     </span>
    </p>
   </div>
   <div class='ocr_carea' id='block_1_5' title="bbox 0 0 1326 4934">
    <p class='ocr_par' dir='ltr' id='par_1_5' title="bbox 0 0 1326 4934">
     <span class='ocr_line' id='line_1_34' title="bbox 0 0 1326 4934; baseline 0 0"><span class='ocrx_word' id='word_1_230' title='bbox 0 0 1326 4934; x_wconf 95' lang='lat' dir='ltr'><strong> </strong></span> 
     </span>
    </p>
   </div>
  </div>
 </body>
</html>
