2618 4934
180 353 213 397 Ν

175 544 259 613 tonis
278 542 395 616 Comici
408 518 575 633 reliquias,
598 543 634 612 in
649 545 765 634 quibus
780 501 975 616 illustrandis
989 563 1024 616 ct
1040 572 1148 619 omen·

145 714 147 717 .
174 663 288 737 dandis
306 661 486 735 studiorum
505 661 665 753 specimen
677 664 817 733 ederem.
862 668 906 735 At
923 690 998 736 mox
1019 669 1150 759 publica

172 782 363 856 auctoritate
378 783 580 875 profecturus
596 807 634 856 ex
645 783 749 875 patria
765 787 807 854 ad
822 787 1030 878 explorandos
1040 789 1077 858 in
1092 813 1146 861 ce·

168 903 340 978 laberrimis
351 905 495 994 Europae
508 903 710 978 Bibliothecis
722 907 857 975 Graecos
871 907 1025 999 Simplicii
1039 910 1143 983 coda

166 1029 267 1107 MSS„
299 1026 397 1098 malui
420 1025 502 1099 illud
525 1026 675 1100 editionis
699 1027 865 1099 consilium
894 1053 982 1099 nunc
1006 1031 1143 1120 quidem

167 1145 329 1228 omittere,
351 1160 385 1214 et
407 1144 457 1215 his
470 1144 512 1215 ‘in
527 1145 693 1215 Platonem
706 1148 975 1217 observationibus
989 1149 1143 1242 defungi,

141 1357 144 1363 A
168 1265 203 1338 in
219 1265 337 1357 quibus
350 1264 435 1336 locos
452 1266 609 1356 quosdam
625 1266 661 1335 in
676 1267 737 1339 hoc
752 1282 943 1359 argumento
959 1269 1146 1360 praecipuos

169 1387 213 1458 de
227 1385 383 1456 industria
398 1386 541 1476 explicui
564 1387 597 1455 si
608 1411 661 1457 me
674 1389 756 1458 Deus
768 1388 803 1458 in
813 1389 952 1479 patriam
965 1391 1144 1474 reduxerit,

170 1505 355 1589 editionem,
368 1529 467 1597 quam
479 1529 670 1598 paraveram,
686 1510 823 1596 δευτέρω
832 1511 989 1594 φροντίδες
1003 1524 1037 1581 et
1046 1517 1147 1581 novae

166 1625 296 1695 fortasse
305 1626 490 1695 accessiones
500 1650 518 1695 e
530 1627 753 1696 Grammaticis
765 1626 908 1709 ineditis,
922 1626 1045 1697 facient
1055 1653 1144 1700 com-

168 1746 409 1822 rnendatiorern,
472 1811 477 1818 .

213 1868 259 1933 De
282 1865 356 1955 ipsis
378 1863 429 1935 his
448 1862 720 1935 observationibus
734 1862 815 1930 nihil
830 1876 893 1946 est,
915 1867 1005 1959 quod
1019 1867 1142 1951 dicam,

168 1997 296 2074 praeter
325 1983 388 2051 hoc
413 2005 535 2054 unum:
564 1981 897 2082 ,ubi‘dissentiendum
922 1984 984 2053 init
1006 1985 1143 2070 ateiris,

164 2126 307 2194 quorum
331 2101 545 2175 eruditionem
571 2116 605 2175 et
630 2125 765 2175 acumen
781 2127 898 2196 magm
881 2103 1000 2186 racto,
1029 2103 1146 2197 (idque

167 2223 342 2317 saepissime
366 2222 489 2291 factum
516 2236 578 2304 est,
607 2222 682 2314 quin
712 2245 780 2293 non
800 2222 960 2299 attinebat
982 2246 1144 2330 apponere

165 2367 251 2435 quae
266 2343 319 2412 alii
340 2343 468 2413 dudum
483 2358 570 2413 recte
580 2342 749 2440 imi)
765 2357 901 2417 conatus
917 2367 987 2413 sum
1004 2344 1141 2415 rationes

166 2488 226 2551 cur
250 2462 465 2547 dissentirem,
494 2465 637 2536 modeste
659 2477 695 2533 et
718 2486 795 2533 cnm
813 2463 950 2538 lenitate
972 2463 1142 2539 verborum

166 2586 355 2679 significare.
407 2588 522 2674 Itaque
538 2585 563 2652 si
580 2584 662 2675 qnid
677 2585 762 2655 forta
777 2583 1000 2655 inclementius
1015 2582 1149 2685 dictum·

168 2705 266 2796 possit
288 2690 410 2784 rideri,
432 2716 490 2771 aut
510 2703 633 2789 femme
653 2703 764 2776 aetatis
786 2703 906 2776 excidit
921 2703 1142 2799 imprudenti,

128 2856 131 2860 “
170 2838 229 2895 ont
250 2821 385 2893 extorsit
408 2821 450 2891 ris
475 2820 616 2917 rcritptis
643 2835 677 2893 et
701 2820 896 2918 indignatio,
928 2845 1030 2914 quum
1054 2822 1144 2899 rido-

171 2966 238 3015 rom
265 2943 322 3034 qui
353 2941 563 3013 tumultuaria
596 2964 770 3033 operatua
800 2942 836 3013 in
866 2944 962 3018 reltns
992 2942 1143 3018 difficili.-

162 3065 230 3133 mis
257 3062 404 3133 contenti
426 3062 507 3135 viros
535 3085 674 3134 summm
701 3078 781 3155 pree
797 3087 862 3137 sese
883 3077 1141 3137 contemnerent

168 3188 249 3254 Nam
272 3184 319 3257 ita
335 3206 497 3276 quamque
514 3183 549 3253 in
565 3184 614 3253 his
629 3184 728 3255 literis
740 3184 859 3256 ridere
863 3181 1076 3255 rectissimum
1086 3205 1143 3257 ar*

165 3306 288 3387 bitror,
318 3319 358 3374 ut
377 3304 525 3396 optino
534 3314 727 3396 magnorum
752 3327 892 3377 merum
914 3300 1141 3396 praetoriam

167 3427 344 3518 possentne
361 3426 469 3519 possit.
544 3484 546 3489 .
1122 3468 1125 3473 ·

214 3548 399 3618 Seriheiram
420 3549 584 3642 Lugduni·
584 3549 774 3637 Batavorum
800 3548 833 3617 d.
854 3569 931 3614 rna
950 3568 996 3616 m.
1019 3547 1103 3616 Oct
1100 3570 1140 3617 ·.a

167 3691 362 3737 erotocecxn.
