2618 4934
753 359 814 431 144

303 563 396 628 fuisse
423 561 595 650 expulsum.
654 562 758 641 Etiam
784 562 909 630 aliunde
934 566 1012 630 haec
1036 575 1265 658 argumentatio

292 671 505 737 -corroborari
519 679 644 759 potest.'
680 671 859 738 Alcibiades
873 675 976 759 ἡλικία
992 679 1050 760 μὲν
1068 681 1115 747 ἔτι
1135 687 1203 749 τότε
1224 687 1268 755 ὢν

304 781 371 858 νέος
392 779 547 870 (Thucyd.
564 779 605 846 V.
623 779 692 868 43.)
711 803 805 868 quum
820 781 943 848 Niciam
959 799 1026 878 astu
1042 786 1264 857 circumvenis·
1289 768 1296 781 κ

302 906 366 974 set,
392 891 540 956 eflecerat
564 906 599 954 ut
621 889 732 954 foedus
758 913 831 959 cum
855 892 979 981 Argivis
1004 916 1262 986 componeretur,

300 1001 425 1089 Olymp.
441 999 509 1066 XC.
543 1019 587 1064 ω
619 1020 681 1085 quo
709 998 796 1065 lacto
822 1000 976 1088 imprimis
1004 1008 1158 1072 acerrima
1182 1010 1265 1078 iuter

298 1127 468 1197 utrumque
496 1108 658 1173 contentio
687 1110 810 1175 exarsit.
866 1111 1006 1199 Uterque
1028 1136 1122 1201 quum
1134 1134 1262 1204 partam

298 1222 400 1312 gratia
418 1218 528 1308 populi
549 1217 769 1281 auctoritatem
788 1219 899 1304 quibus
918 1236 1042 1308 poterat
1064 1223 1166 1289 modis
1181 1249 1262 1293 σσσ-Ι

296 1330 424 1395 -firmare
432 1325 582 1408 studeret,
591 1326 854 1415 coepitpaulatim
863 1331 983 1420 populo
994 1335 1154 1421 potentior
1162 1358 1258 1424 quam

245 1474 249 1483 =
296 1461 356 1528 pro
367 1439 488 1527 privato
503 1433 618 1501 videri:
643 1439 685 1512 oie
698 1433 752 1504 οὖν
774 1443 794 1504 ό
815 1440 906 1524 δῆμος
927 1442 1050 1524 ἔμελλεν
1063 1433 1203 1532 Ιεἰσφέρειν
1224 1453 1258 1516 τὰ

295 1553 423 1636 ὄςρσνσν
441 1550 492 1614 καὶ
513 1546 602 1631 δῆλος
622 1543 661 1630 ἦν
683 1552 737 1616 τὸν
756 1548 858 1636 ἕτερον
880 1558 1022 1639 γράψων,
1046 1554 1260 1643 διαλεχθέντες

295 1659 436 1741 ἀλλήλοις
457 1659 509 1725 καὶ
526 1661 692 1734 selectiores·
709 1660 853 1746 ἑκατέρας
870 1665 911 1739 εἷς
928 1664 1020 1729 ταύτὸ
1039 1673 1262 1749 συναγαγόντες

293 1774 348 1839 τὸν
371 1767 556 1858 Ὑπέρβολον
582 1770 830 1856 damnantem
855 1783 1089 1860 παρεσκεύασαν.
1110 1776 1207 1866 (Plut.
1222 1781 1260 1848 in

292 1883 394 1947 Arist.
423 1901 495 1967 cap.
517 1876 590 1965 νη.)
624 1901 703 1967 quae
727 1883 823 1947 tertio
845 1883 913 1948 fere
940 1908 1025 1950 anno
1049 1903 1123 1974 post
1146 1887 1256 1955 foedus

292 1970 444 2078 llrgivum
473 1985 626 2053 accidisse
659 1990 820 2079 aliquanto
848 1992 946 2080 magis
972 2009 1021 2057 est
1044 1995 1147 2061 simile
1173 2000 1256 2084 veri,

294 2122 388 2189 quam
413 2097 475 2162 illis
507 2097 580 2186 ipsis
606 2101 818 2189 temporibus,
845 2121 944 2188 quum
961 2092 1127 2190 'expeditio
1149 2105 1259 2176 Sicula

293 2223 465 2299 pararetur.
491 2208 599 2295 Itaque
613 2209 696 2279 iuter
710 2209 836 2299 olymp.
847 2209 1024 2279 LXXXIX.
1042 2211 1074 2278 3.
1091 2229 1123 2278 et
1136 2214 1204 2283 XC.
1223 2219 1257 2286 3.

290 2334 364 2385 aeta
379 2334 426 2385 est
442 2318 579 2407 primum
594 2318 765 2408 Hermippi
775 2318 884 2385 fabula
898 2320 1143 2407 'Aprositi-sdes,
1161 2349 1256 2414 quam

288 2428 409 2497 indicat
429 2429 652 2516 Aristophanes
666 2451 713 2495 vs.
731 2425 813 2518 557,
840 2427 962 2499 deinde,
975 2431 1158 2522 Ὑπέρβολον
1169 2435 1254 2503 ,Ῥ]σ·

287 2538 391 2604 tonis:
427 2536 495 2620 illa,
529 2535 664 2624 opinor,
689 2558 773 2601 auno
800 2552 912 2624 quarto
934 2538 1061 2630 Olymp.
1079 2542 1254 2628 LXXXIX,

289 2644 487 2736 lraeoprimo
503 2645 699 2713 ansecundo
714 2645 844 2735 Olymp.
859 2647 955 2714 ΧΨ.
1220 2718 1225 2723 ,

181 2792 190 2801 -
286 2802 289 2811 .
334 2754 399 2829 Sed
420 2755 562 2821 nondum
582 2754 759 2821 omittenda
782 2755 862 2820 haec
889 2756 1056 2847 disputatio
1080 2778 1143 2846 est,
1167 2781 1254 2833 ante·

285 2889 384 2956 -quam
408 2865 673 2956 exploraverimus
692 2863 833 2952 possitue
853 2865 965 2933 eadem
980 2893 1078 2958 opera
1092 2870 1251 2965 indagari,

284 2999 353 3067 quo
379 2998 463 3042 anuo
489 2973 626 3040 secunda
650 2973 790 3049 Nullum
814 2973 913 3045 editio
940 2979 980 3042 ab
995 2979 1204 3070 Aristophane
1219 2986 1254 3051 iu

283 3088 393 3155 lucem
407 3086 501 3151 fuerit
516 3085 617 3151 edita:
631 3086 791 3172 ‘quoniam
806 3086 888 3159 haue
903 3109 970 3153 rem
987 3087 1040 3153 diu
1055 3092 1250 3182 multumque

287 3200 400 3265 doctos
421 3197 564 3261 homiues
579 3193 672 3260 video
699 3196 882 3264 exercuisse.
929 3198 1058 3264 Constat
1081 3226 1165 3269 nune
1180 3205 1249 3292 qui·

287 3310 362 3376 dem
384 3309 465 3373 inter
493 3328 620 3388 omum,
646 3305 805 3394 explosam
819 3307 954 3407 fabulam
971 3331 1141 3397 numquam
1156 3313 1249 3382 luisse

287 3421 401 3486 iterum
426 3419 460 3482 in
484 3432 643 3481 certamen
667 3417 877 3503 propositam,
903 3414 958 3481 sed
981 3416 1099 3484 editam
1116 3445 1134 3487 a
1150 3423 1249 3491 Poeta

287 3549 353 3599 tam
380 3529 504 3619 egregie
526 3523 720 3593 emendatam
742 3539 775 3589 et
788 3526 993 3615 perpolitam,
1009 3545 1045 3592 ut
1059 3531 1168 3619 iniqua
1181 3558 1249 3624 spe·

284 3656 444 3705 etatorum
473 3635 589 3702 iudicia
613 3632 776 3724 splendide
797 3635 960 3701 confutare
982 3651 1097 3727 posset.
1144 3643 1248 3724 Quam

282 3752 439 3815 rationem
474 3770 510 3811 ac
545 3732 675 3811 modurn
707 3745 741 3810 in
772 3744 966 3811 emendanda
992 3748 1098 3815 sabula
1123 3771 1249 3823 secutus

284 3859 349 3940 sit,
383 3855 511 3926 difficile
540 3854 628 3921 dictu
657 3869 727 3936 est,
760 3870 932 3942 notumque
958 3856 1033 3946 quid
1055 3860 1116 3926 hao
1141 3862 1194 3931 de.
1210 3888 1249 3931 re

283 3965 412 4033 molitu
425 3963 663 4060 sitanchms
676 3964 710 4027 in
727 3964 868 4050 Quaeso
883 3967 983 4048 Anat.
996 3973 1159 4057 popm.
1172 3993 1248 4063 sqq.
