2618 4934
775 354 835 418 134

315 562 397 625 inter
410 557 525 648 primas
544 555 684 622 Platonis
706 553 841 637 fabulas,
866 568 969 621 actam
986 555 1054 622 lere
1073 555 1189 624 eodem
1212 583 1274 649 quo

313 669 533 736 Aetas-nenses
546 680 709 756 tempore,
732 665 858 754 Olymp.
872 664 1074 733 LXXXVIH.
1091 667 1122 735 3.
1153 669 1276 760 Nempe

312 778 449 867 primum
471 777 530 840 ista
548 775 672 841 Euathli
692 773 795 836 irrisio
813 773 938 836 nonnisi
951 773 986 837 in
1001 776 1213 863 antiquissima
1227 780 1274 844 fa-

312 889 388 953 bula
415 888 519 975 potuit
546 883 698 974 reperiri,
733 904 828 969 quum
854 879 940 946 idem
967 882 1066 948 homo
1095 886 1129 951 in
1155 887 1273 952 Cratini

315 996 461 1063 Thresris
475 994 603 1083 Olymp.
620 990 794 1057 LXXXIV.
810 991 873 1054 iam
889 992 1074 1082 exagitatus,
1093 996 1171 1060 item
1185 1013 1276 1063 nota·

311 1125 359 1174 tus
383 1107 511 1197 Olymp.
528 1101 730 1167 LXXXVIII.
749 1100 780 1167 3.
796 1103 840 1166 vin
863 1101 1119 1168 Achomenst‘bus
1131 1129 1178 1173 vs.
1197 1130 1274 1195 709·

309 1231 375 1282 non
394 1217 492 1281 'serius
512 1234 606 1300 quam
626 1211 753 1300 Olymp.
771 1210 943 1277 LXXXIX.
965 1235 993 1278 1.
1012 1228 1043 1278 et
1058 1235 1090 1279 2.
1106 1214 1140 1277 in
1155 1216 1273 1280 Holca'.

309 1326 400 1390 didus
416 1321 535 1412 (Schol.
556 1319 596 1386 ad
609 1321 703 1409 Vesp.
720 1342 765 1386 vs.
786 1317 859 1406 592.
876 1318 938 1410 (1))
955 1337 987 1387 et
1003 1322 1114 1412 Vespis
1127 1347 1174 1390 rs.
1194 1324 1271 1412 592.

309 1447 584 1501 commemoretur.
614 1430 703 1495 Idem
718 1453 757 1496 ex
769 1431 970 1520 Antiphontis
984 1434 1147 1499 mentione
1163 1435 1271 1526 colligi

307 1561 429 1636 potest,
441 1545 506 1632 ·qui
522 1565 618 1632 quum
632 1541 857 1632 perstringatur
870 1542 913 1606 ob
928 1542 1105 1627 avaritiam,
1122 1568 1182 1633 qua
1197 1560 1270 1613 ora·

272 1700 274 1709 ·
305 1657 408 1721 tiones
419 1655 522 1744 pretio
529 1653 694 1735 scriberet,
709 1651 763 1739 (cf.
771 1650 936 1716 Ruhnken.
948 1649 987 1716 de
994 1654 1125 1742 Antiplt.
1133 1655 1268 1721 Rhama.

304 1767 339 1832 in
361 1768 478 1856 Opusc.
494 1765 520 1831 I.
536 1787 608 1853 pag.
630 1761 700 1849 157.
717 1784 762 1848 sq.
774 1761 798 1848 ‚)
819 1762 891 1825 satis
904 1761 1090 1853 intelligitur
1104 1786 1172 1829 eam
1187 1764 1270 1831 indi-

305 1868 370 1941 cari
394 1873 531 1938 Oratoris
545 1886 692 1951 aetatem,
706 1893 778 1957 'qua
799 1869 941 1936 nondum
957 1873 1069 1962 opibus
1084 1889 1117 1937 et
1132 1877 1266 1940 auotori-

305 1998 370 2048 tate
392 1981 561 2070 plurimum
585 1979 619 2071 iu
638 2001 708 2068 rep.
731 1979 871 2046 valebat:
910 1983 953 2048 cf.
970 1981 1225 2050 Ruhnkeniuml.
1240 1985 1263 2053 Ι.

303 2099 375 2184 pag.
403 2071 473 2155 160.
489 2112 537 2177 sq.
583 2089 691 2176 Ita'que
709 2090 888 2180 Antiphon,
910 2092 1035 2155 sirecte
1050 2090 1264 2177 coniecimus,

304 2223 419 2268 annum
435 2222 528 2290 agens
542 2199 608 2264 1111
623 2200 910 2292 quinquagesimum
920 2198 1056 2286 primum
1071 2195 1156 2283 (nam
1171 2217 1265 2269 natus

302 2328 349 2379 est
370 2312 496 2401 Olymp.
520 2308 645 2375 LXXV.
665 2334 695 2377 1.
713 2334 753 2376 an
769 2335 801 2377 2.
818 2305 939 2373 Ruhnlr.
955 2327 984 2393 p.
1005 2304 1090 2395 143.)
1110 2308 1152 2371 ob
1168 2311 1262 2378 istam

212 2488 217 2497 ,
300 2423 380 2489 lucri
404 2418 584 2509 cupidinem
612 2443 631 2485 a
657 2421 790 2486 Comico
813 2414 1101 2505 perstringebatur:
1131 2436 1263 2508 apparet

300 2548 403 2598 autem
429 2529 559 2592 omnino
580 2527 649 2594 fieri
669 2552 735 2593 non
756 2544 867 2614 posse,
897 2539 934 2588 ut
952 2523 1034 2588 istud
1060 2524 1099 2590 ad
1125 2543 1260 2595 aetatem

301 2629 396 2708 etiam
421 2639 571 2704 seriorem
598 2636 760 2702 referatur.
810 2631 954 2720 Denique
982 2635 1157 2701 luculenter
1175 2637 1260 2705 hanc

299 2747 507 2837 suspicionem
531 2740 729 2810 confirmabit
752 2740 854 2805 irrisio
875 2744 1092 2833 Aristophanis
1111 2747 1145 2811 in
1166 2747 1259 2816 Para·

296 2859 363 2924 basi
385 2858 475 2923 huius
496 2849 637 2931 fabulae,
667 2871 745 2937 quae
764 2873 830 2914 nou
853 2851 915 2915 alio
934 2875 1017 2917 anno
1032 2854 1147 2919 rectius
1163 2881 1256 2946 quam

295 2967 452 3056 Dionysiis
465 2962 555 3028 huius
570 2957 660 3042 au'ni,
679 2980 772 3047 quem
788 2957 937 3043 diximus,
953 2963 992 3027 ab
1007 2963 1115 3028 invido
1132 2967 1257 3032 aemulo

295 3079 398 3169 potuit
417 3071 538 3140 iactari.
582 3068 711 3135 Scilicet
731 3068 867 3136 eiusdem
887 3070 1081 3159 Olympiadis
1096 3096 1178 3139 anno
1194 3077 1257 3165 pri·

295 3212 349 3255 mo
386 3181 611 3264 parmenses,
637 3178 748 3244 'altero
781 3180 970 3266 Babylonii,
1005 3183 1099 3245 tertio
1128 3184 1257 3251 Lenaeis

295 3298 533 3374 Ansamenses,
557 3288 671 3355 doctae
695 3312 803 3356 omnes
816 3313 874 3379 per
887 3289 1117 3374 Callistratum,
1135 3309 1166 3357 et
1183 3294 1255 3360 reli·

291 3410 360 3498 quis
383 3403 490 3470 Poetis
513 3417 545 3467 et
567 3401 691 3466 Platoni
712 3400 892 3489 eripuerant
914 3400 1047 3488 primas:
1071 3419 1144 3490 post
1166 3420 1253 3471 actos

291 3514 481 3609 Babylonios
504 3531 595 3574 verus
618 3523 728 3574 auctor
750 3510 910 3596 apparuit:
940 3523 1045 3573 tamen
1068 3511 1252 3579 mirantibus

292 3625 438 3691 omnibus
452 3621 594 3709 sequenti
611 3642 695 3685 anno
709 3639 824 3684 noram
838 3617 974 3682 fabulam
992 3619 1043 3683 alii
1059 3618 1172 3704 donat,
1198 3623 1251 3710 qui

291 3733 363 3798 tulit
387 3732 535 3796 honores.
581 3728 689 3815 Itaque
715 3724 828 3791 eodem
852 3748 934 3791 anno
956 3727 1048 3792 Plato
1069 3729 1246 3820 Dionysiis,

293 3849 369 3952 ᾟ)
387 3882 520 3937 11111111
536 3895 617 3938 acum
628 3901 685 3938 esre
698 3887 825 3941 Holcades
839 3887 905 3943 mihi
919 3889 1025 3959 quidem
1040 3891 1164 3960 promsit
1179 3889 1259 3963 Borg-

274 3965 497 4024 timedatur.
515 3967 624 4032 From.
641 3986 700 4039 pag.
719 3969 795 4024 111s.
